2324 2944
60 113 126 146 39⁷
646 107 684 140 ll.

58 205 184 238 liberos
206 213 351 236 amorem
374 203 504 244 probat,
527 203 587 234 sed
604 202 750 234 afficitur
773 203 869 234 etiam
892 203 966 244 ipsa
989 203 1042 234 de·
1062 208 1066 249 l

59 254 225 281 sertorum
252 253 353 287 atque
382 246 605 288 orphanorum
635 247 814 277 aerumnis.
871 247 923 277 Ac
958 256 1040 277 vero
1063 260 1066 282 t

57 292 91 324 in
115 295 206 321 tanta
229 290 396 326 bonitate,
419 294 559 320 naturae
581 294 660 319 tuae
689 287 768 319 nihil
792 298 871 319 esse
895 289 1039 330 ἄστοργον
1062 285 1065 314 l

57 334 200 370 iudicat,
230 341 334 373 quare
365 337 478 372 sperat
501 331 557 361 tibi
582 341 714 372 quoque
737 330 887 362 dolorem
911 332 1065 370 atl'erre,l

59 375 276 408 Sacerdotum
301 383 402 404 ncces
421 383 463 404 ae
481 371 656 414 supplicia,
679 374 855 413 coniugum
869 380 902 405 et
921 374 1042 405 libero-
1062 378 1065 394 ¹

57 429 131 451 rum
154 416 263 448 exilia.
309 416 423 447 Monet
445 415 525 447 illud
548 415 645 446 etiam
669 414 841 454 Ecclesia,
870 422 904 446 vt
932 417 1042 457 proni·
1061 402 1065 446 l

58 462 140 493 deas
146 484 158 499 ,
179 470 222 491 ne
243 458 393 500 plerique
416 459 587 491 doctrinae
609 456 819 490 Christianae
847 457 931 497 loci,
961 469 1042 500 quo·
1061 450 1065 476 ⁸

23 519 27 522 -
58 512 132 536 rum
161 502 357 534 necessaria
380 508 432 532 est
457 500 651 542 explicatio,
682 499 779 532 simul
804 502 1042 542 opprimantur,
1062 488 1065 547 Ι

57 548 133 579 dum
153 547 206 587 pie
229 545 347 576 eruditi
371 544 623 579 interficiuntur,
646 544 723 576 dum
747 548 960 576 excutiuntur
982 545 1041 576 ho-

56 589 199 622 minibus
224 587 333 619 studia
364 588 535 618 doctrinae
559 585 779 618 Christianae.
832 586 919 622 Quid
938 594 1041 630 agunt

57 631 243 673 aduersarij
269 629 374 663 aliud,
406 630 469 661 nisi
493 637 528 661 vt
556 629 675 661 deletis
705 631 857 661 omnibus
882 629 986 662 literis
1010 636 1042 661 et

56 684 221 717 oppressa
252 673 422 710 doctrina,
460 678 586 704 tantum
626 673 792 713 pendeant
819 672 970 705 homines
1000 673 1065 706 exl

56 718 233 750 autoritate
255 715 398 754 illorum,
423 716 478 757 qni
501 716 722 750 dominantur,
746 717 875 747 somnia
893 717 1041 748 indocto-

55 756 128 792 rum
158 759 338 802 quamlibet
365 759 482 800 impia,
510 757 689 800 quamlibet
717 760 887 797 absurda,
916 760 1041 790 ducant

55 813 132 836 esse
155 801 311 840 oracula,
342 801 437 833 Hanc
465 802 674 833 barbaricam
705 802 899 833 seruitutem
930 803 1040 834 existi-

56 850 147 876 mant
181 845 365 884 aduersarij
401 845 565 884 prodesse
594 845 810 876 dominationi
838 855 940 882 suae,
968 845 1040 876 Nec

55 887 203 919 obscure
233 884 345 918 multis
384 886 416 916 in
446 885 530 917 locis
564 886 627 916 iam
664 885 729 917 hac
758 887 918 917 seruitute
951 887 1039 917 iacet

54 939 221 972 oppressa
244 927 416 967 Ecclesia,
437 930 489 967 55)
514 928 586 959 Etsi
610 934 719 959 autem
743 938 806 960 nos
831 939 963 971 quoque
985 938 1037 960 ve-

52 977 143 1004 teres
166 972 323 1016 Synodos
345 970 574 1012 amplectimur
593 977 816 1014 congruentes
847 982 922 1003 cum
946 972 1036 1011 Apo-

52 1014 175 1047 stolica
209 1015 379 1052 doctrina,
397 1017 449 1051 53)
468 1020 577 1046 tamen
601 1025 669 1046 non
700 1015 795 1046 decet
824 1014 1036 1046 autoritatem

52 1057 228 1091 Ecclesiae
260 1063 457 1099 praetexere
491 1058 644 1089 omnibus
674 1058 836 1088 abusibus
866 1067 908 1088 ac
937 1056 1036 1098 vicijs

53 1112 140 1144 quae
162 1102 328 1133 recentior
350 1111 391 1132 ac
413 1101 558 1132 deterior
580 1106 673 1132 aetas
691 1101 724 1131 in
737 1099 924 1132 Ecclesiam
944 1100 1037 1135 inue-

50 1145 110 1176 xit.
149 1144 290 1176 Nimium
306 1145 359 1181 ⁵⁹)
385 1142 598 1175 blandiuntur
620 1144 683 1175 sibi
705 1143 874 1178 homines,
902 1143 930 1174 si
954 1141 1036 1173 nibil

0 1202 1 1222 1
50 1187 128 1230 vicij
153 1187 336 1219 deriuatum
359 1195 437 1217 esse
460 1191 575 1226 putant
588 1187 620 1217 in
633 1185 833 1223 Ecclesiam,
857 1196 897 1217 ex
912 1185 1036 1217 affecti-

0 1230 1 1257 ἶ
49 1231 114 1262 bus
136 1229 304 1262 hominum
329 1230 535 1270 cupidorum,
559 1240 602 1260 ex
625 1228 690 1260 illis
710 1227 909 1271 labyrinthis
933 1235 966 1260 et
988 1234 1036 1260 te·
1055 1263 1056 1266 Ἰ

49 1273 164 1305 nebris
189 1273 362 1305 doctrinae
386 1271 611 1304 scholasticae
635 1278 667 1303 et
679 1272 903 1309 traditionum,
918 1272 1056 1314 Neque¹

49 1326 132 1348 vero
155 1322 222 1347 tam
245 1321 383 1356 propter
402 1315 590 1356 coniugium
614 1314 846 1361 periclitamur
868 1315 934 1347 hoc
958 1296 1057 1352 tem-l

49 1369 132 1400 pore
156 1360 233 1391 boni
257 1359 331 1396 viri,
356 1369 452 1400 quam
476 1365 613 1400 propter
635 1359 779 1390 studium
801 1359 1056 1400 repurgandae*

50 1409 84 1434 et
105 1401 327 1434 illustrandae
351 1402 524 1433 doctrinae
546 1401 774 1440 Christianae,
799 1402 891 1443 quod
915 1411 1036 1443 regere
1054 1399 1057 1451 J

49 1455 92 1477 ac
123 1445 238 1477 iuuare
265 1444 425 1486 Episcopi
457 1445 642 1483 debebant,
672 1445 757 1476 Nam
780 1445 833 1476 his
858 1446 1057 1493 praecipue:

50 1489 281 1520 commendata
304 1493 355 1520 est
374 1498 454 1520 cura
478 1488 648 1520 ornandae
672 1494 704 1519 et
728 1486 958 1519 defendendae
980 1488 1035 1518 do·
1054 1499 1057 1551 Ι

49 1532 193 1570 ctrinae,
220 1531 256 1562 hi
278 1532 401 1563 debent
424 1541 503 1563 esse
525 1531 623 1563 huius
647 1531 850 1562 sanctissimi
875 1536 907 1562 et
929 1529 1034 1562 vtilis-

49 1575 124 1606 simi
146 1575 247 1616 studtj
272 1575 516 1617 gubernatores
539 1580 572 1606 et
591 1574 793 1606 hortatores.
1054 1576 1057 1627 J

137 1630 205 1662 Sed
227 1640 294 1662 non
314 1631 358 1661 ad
380 1629 475 1661 solos
498 1629 705 1672 Episcopos,
729 1640 844 1661 verum
869 1630 966 1661 etiam
990 1630 1033 1661 ad
1054 1634 1056 1674 j

48 1674 123 1716 pios
137 1673 309 1714 Principes
334 1683 375 1704 ac
399 1673 540 1704 maxime
563 1674 605 1704 ad
620 1674 854 1713 imperatorem
874 1673 1032 1714 pertinet,
1053 1675 1056 1696 ἒ
1083 1675 1085 1677 ’

48 1726 132 1758 pure
159 1715 348 1759 intelligere
376 1715 613 1758 Euangelium,
649 1716 832 1757 dijudicare
862 1717 1030 1758 dogmata,

47 1758 243 1802 aduigilare,
268 1769 311 1791 ne
334 1759 452 1800 impiae
465 1760 638 1800 opiniones
651 1760 854 1801 recipiantur
876 1765 931 1791 aut
956 1770 1031 1791 con-

46 1802 236 1841 firmentur,
259 1801 445 1834 idolatriam
470 1803 558 1834 omni
583 1803 694 1834 studio
718 1802 873 1841 abolere,
900 1803 959 1833 His
983 1801 1032 1833 of-

47 1845 134 1888 ficijs
157 1845 331 1887 praeclare
354 1846 461 1877 meriti
485 1852 573 1884 sunt,
588 1846 628 1877 de
646 1846 711 1888 pijs
731 1845 821 1878 multi
845 1846 1032 1888 magniHe-

46 1898 145 1928 roes,
177 1889 334 1927 Gedeon,
363 1888 547 1927 Ezechias,
575 1888 697 1927 iosias,
729 1889 970 1921 Constantinus
1001 1895 1032 1920 et

46 1931 198 1974 plerique
220 1931 297 1974 alij,
321 1931 433 1968 Quare
457 1933 661 1964 existimabis
689 1938 722 1964 et
745 1933 790 1964 tui
814 1931 917 1974 osticij
943 1942 1032 1971 esse,

47 1984 169 2007 cauere
190 1985 234 2007 ne
257 1976 440 2007 obruantur
458 1985 499 2007 ea
523 1986 608 2017 quae
632 1977 685 2016 pie
700 1978 752 2013 ⁶⁰)
778 1981 811 2007 et
833 1975 956 2007 vtiliter
975 1987 1032 2017 pa-

48 2016 174 2050 tefacta
197 2024 230 2050 et
253 2019 428 2050 emendata
452 2024 546 2057 sunt,
576 2029 595 2050 a
626 2019 724 2051 bonis
753 2024 784 2050 et
808 2020 917 2050 doctis
939 2020 1032 2058 niriS,

47 2071 90 2092 ne
118 2060 208 2103 impij
239 2062 365 2094 abusus
388 2062 567 2094 autoritate
591 2067 648 2094 tua
672 2061 893 2094 stabiliantur.
939 2062 1032 2094 Psal-

46 2113 122 2136 mus
144 2105 266 2146 inquit,
298 2104 441 2146 Propter
467 2104 625 2147 templum
656 2111 748 2138 tumn
777 2106 810 2138 in
840 2105 1032 2145 Ierusalem,

46 2157 148 2191 reges
171 2147 313 2180 offerent
335 2149 394 2180 tibi
415 2159 563 2181 munera.

47 2311 95 2346 58)
112 2312 169 2337 Etsi
187 2317 274 2337 autem
297 2320 346 2337 nos
372 2320 476 2344 quoque
498 2317 600 2338 veteres
624 2312 744 2344 Synodos
770 2314 950 2345 amplectimur
969 2320 1030 2337 con-

115 2351 239 2378 gmentes
258 2355 314 2372 cum
333 2349 492 2379 Apostolica
511 2348 651 2379 doctrina,]
677 2349 715 2372 εἰσ
738 2347 788 2373 Ed.
808 2350 848 2377 3.;
869 2348 918 2372 Ed.
938 2348 978 2373 4.:
998 2348 1032 2371 Et

117 2383 138 2406 si
157 2386 241 2406 autem
261 2389 313 2407 non
338 2386 377 2406 est
403 2382 572 2407 concedenda
594 2383 712 2413 licentia,
739 2383 903 2407 conuellendi
927 2386 1031 2407 senteu-

115 2417 166 2440 tias
185 2424 247 2441 uera
270 2418 410 2441 autoritate
433 2422 565 2448 receptas,
589 2425 637 2442 nec
661 2418 848 2442 discedendum
876 2421 929 2447 est,
954 2417 994 2440 uel
1015 2426 1031 2441 a

116 2451 267 2483 seripturiS,
297 2452 373 2475 uela
391 2452 502 2475 decretis
533 2455 646 2476 ueterum
674 2452 858 2484 Synodornm,
885 2453 911 2476 in
938 2452 1030 2483 quibus

115 2486 323 2517 pronunciat-unt
341 2486 374 2510 de
394 2486 514 2510 doctrina
531 2487 690 2518 Christiana,

47 2535 96 2569 59)
113 2536 242 2569 Nimium]
260 2538 296 2562 n’c
312 2537 362 2562 Ed.
381 2539 421 2569 3.;
440 2538 490 2562 Ed.
509 2539 550 2564 4.:
569 2537 684 2563 Nimium
703 2541 788 2563 autern

47 2587 95 2621 80)
113 2587 168 2620 pie]
186 2589 223 2614 εἰσ
240 2593 306 2615 reete
323 2588 373 2615 Ed.
392 2591 430 2619 4.;
449 2589 498 2614 Ed.
518 2590 543 2617 3.
563 2594 660 2624 typoyr.
681 2598 778 2616 errore:
797 2590 857 2622 piae

730 108 770 140 Β.
816 107 1062 140 (ῸΝΡΕΞΞΙΟ
1085 107 1361 140 AUGUSTANA
1383 107 1491 140 lPSA.

2008 110 2073 143 398

1176 211 1261 243 Sunt
1289 217 1397 243 autem
1427 212 1561 253 propria
1586 211 1713 254 Regum
1743 223 1877 244 munera
1903 214 1934 244 in
1961 213 2073 246 Eccle-

1091 255 1173 286 siam
1197 254 1412 293 conferenda,
1432 255 1599 296 inquirere
1618 266 1729 286 veram
1754 256 1950 295 doctrinam,
1963 264 1994 288 et
2018 268 2072 288 eu-

1090 307 1183 335 rare,
1202 302 1236 328 vt
1260 298 1337 328 boni
1358 297 1525 328 Doctores
1549 298 1765 339 preficiantur
1784 297 1964 338 Ecclesiis3
1991 300 2073 331 dare

1091 350 1245 382 operam,
1265 346 1300 371 vt
1322 341 1385 371 rite
1409 341 1629 382 dijudicentur
1652 339 1911 373 Ecclesiastieae
1940 348 2073 374 contro-

1090 383 1241 421 uersiae,
1273 393 1338 414 non
1370 382 1485 414 delere
1507 384 1592 425 piam
1617 384 1820 422 doctrinam,
1843 386 1900 415 sed
1927 386 2073 417 excitare

1090 426 1203 465 potius
1236 436 1277 457 ae
1306 436 1513 468 propagare,
1555 433 1587 457 et
1624 426 1821 465 defendere,
1859 429 2072 460 concordiam

1091 467 1266 499 Ecclesiae
1288 474 1379 500 recte
1404 470 1609 501 constituere
1634 476 1666 500 et
1689 470 1783 501 tueri.
1808 471 1866 501 His
1891 472 1981 502 veris
2005 482 2073 503 mu-

1090 511 1239 549 neribus,
1262 517 1358 553 potes
1382 521 1470 542 nunc
1489 513 1611 552 optimc
1622 513 1806 553 Imperator
1818 523 1938 545 ornare
1951 513 2074 546 Christi

1089 552 1289 592 Ecclesiam,
1313 564 1399 596 quae
1422 554 1552 595 quidem
1576 564 1595 585 a
1619 560 1650 585 te
1673 556 1851 595 praecipue
1874 563 1904 587 et
1917 557 2072 588 Christus

1091 597 1226 638 requirit
1256 598 1346 639 ipse,
1367 602 1399 628 et
1422 602 1537 638 petunt
1560 596 1739 628 Ecclesiae
1765 597 1980 631 horribilibus
2005 611 2073 631 mo-

1091 640 1141 670 dis
1165 638 1342 671 laceratae.
1397 639 1572 671 Postremo
1598 651 1671 671 cum
1691 639 1855 672 hnmanae
1878 643 2073 675 traditiones

1091 683 1210 714 cedere
1235 683 1376 714 debeant
1399 683 1616 724 temporibus,
1630 684 1772 714 maxime
1796 684 1827 715 in
1850 683 2017 720 Ecclesia,
2041 686 2074 716 in

1091 736 1155 767 qua
1168 724 1269 768 longe
1281 725 1386 767 pluris
1409 725 1481 757 fieri
1506 727 1638 764 debent,
1662 725 1756 757 salus
1775 727 1916 767 piorum,
1930 726 2074 766 dilectio,

1089 775 1122 800 et
1148 779 1212 809 pax
1242 768 1394 809 publica,
1432 779 1528 811 quam
1559 768 1647 800 vllae
1674 770 1868 801 traditiones
1897 770 2074 810 humanae,

1089 810 1191 842 multo
1223 813 1328 843 satius
1359 818 1411 843 est
1446 810 1658 843 dissimulare
1691 813 1941 854 abrogationem
1976 813 2073 845 huius

1089 853 1349 886 tradiciunculae
1372 855 1413 886 de
1438 854 1622 893 coelibatu,
1654 866 1750 896 qnam
1781 855 1980 888 confirmare
2004 855 2073 888 libi-

1088 896 1196 934 dines,
1221 897 1386 937 dissipare
1412 898 1575 939 coniugia,
1595 899 1769 938 suscipere
1792 900 1943 930 seuitiam
1967 900 1997 930 in
2023 910 2073 931 sa-

1088 939 1243 970 cerdotes
1267 945 1300 970 ct
1323 950 1437 971 eorum
1463 941 1623 981 coniuges
1646 951 1686 971 ac
1716 939 1856 979 liberos,
1888 943 2073 983 opprimere

1086 981 1172 1022 piam
1196 981 1392 1020 doctrinam,
1417 983 1605 1014 vastitatem
1630 982 1764 1015 efficere
1788 985 1818 1015 in
1842 983 2017 1016 Ecclesiis.

1177 1025 1229 1061 61)
1254 1024 1325 1055 Etsi
1348 1030 1459 1056 autem
1482 1027 1625 1057 mundus
1649 1028 1801 1058 omnibus
1825 1029 1990 1060 aetatibus
2015 1030 2070 1060 de-

1087 1067 1133 1097 dit
1155 1067 1305 1110 insignes
1325 1078 1452 1109 poenas
1476 1067 1657 1107 libidinum,
1672 1075 1705 1100 vt
1718 1071 1877 1102 historiae
1900 1077 2073 1113 testantur,

1085 1229 1132 1260 61)
1151 1230 1207 1253 Etsi
1227 1234 1313 1254 antem
1332 1231 1441 1255 mundus
1468 1233 1588 1256 omnibus
1611 1233 1739 1257 aetatibus
1765 1247 1797 1251 —-
1818 1247 1848 1251 -—
1874 1242 1937 1264 quos
1963 1236 2067 1266 quidem

1155 1264 1214 1295 Deo
1235 1273 1310 1289 curae
1331 1274 1386 1289 esse
1406 1274 1457 1290 non
1477 1267 1635 1291 dubitamus.
1657 1267 1758 1299 (quibus
1775 1267 1857 1292 verbis
1882 1268 1920 1292 hic
1947 1274 1994 1296 arr,
2018 1270 2072 1298 tim*-

1153 1300 1220 1332 tmff]
1248 1299 1288 1323 ln'c
1315 1301 1443 1324 Editionis
1470 1302 1494 1326 3.
1519 1302 1585 1325 locus
1608 1304 1632 1326 in
1656 1302 1705 1325 Ed.
1730 1304 1754 1327 4.
1781 1303 1818 1326 sic
1845 1307 1996 1328 retractatus
2021 1308 2069 1329 eet:

1152 1334 1228 1358 Hanc
1246 1335 1326 1365 igitur
1345 1336 1460 1367 coniugij
1481 1343 1599 1366 cansam,
1619 1338 1743 1368 quoniam
1768 1336 1832 1361 nihi:
1859 1337 1936 1362 habet
1960 1338 2072 1369 obscuri,

1154 1369 1244 1400 pietati
1264 1374 1288 1393 et
1307 1369 1419 1394 bonitati
1439 1375 1500 1394 tuae
1519 1371 1664 1402 Imperator
1687 1372 1906 1396 commendamus.
1944 1372 2010 1397 Nam
2033 1374 2070 1398 iu-

1153 1404 1247 1427 iustam
1271 1405 1354 1434 legem
1379 1405 1485 1428 abolere
1510 1406 1698 1436 gubernatores
1731 1411 1755 1430 et
1784 1411 1891 1437 possunt
1915 1411 1940 1430 et
1964 1408 2069 1434 debent.

1153 1438 1187 1461 Et
1204 1438 1328 1468 leges·de
1347 1439 1477 1463 coelibatu
1496 1447 1541 1464 seu
1561 1445 1674 1470 ueteres,
1694 1449 1738 1464 seu
1762 1448 1860 1470 nouae,
1885 1446 1985 1465 tantum
2010 1448 2070 1466 sunt

1153 1472 1259 1497 humani
1278 1473 1339 1497 iuris
1359 1475 1384 1497 in
1404 1481 1456 1505 quo
1475 1475 1620 1505 mitigando
1640 1476 1777 1506 plurimum
1797 1476 1922 1499 autoritas
1934 1477 2069 1501 Ecclesiae

1154 1507 1241 1531 ualere
1262 1508 1345 1532 debet.
1367 1509 1417 1539 (sic
1435 1508 1474 1532 liic
1493 1509 1560 1533 loeus
1579 1510 1603 1532 in
1628 1513 1736 1534 extrema
1760 1510 1823 1541 1³09.
1850 1509 2019 1540 wacssz'ow's
2043 1514 2068 1536 in

1152 1540 1199 1565 hac
1217 1542 1266 1566 Ed.
1287 1543 1311 1567 4.
1332 1545 1458 1567 correctus
1476 1547 1519 1572 esf,
1537 1543 1594 1569 virle
1613 1552 1689 1576 supra
1705 1553 1731 1577 p.
1758 1546 1808 1570 345
1827 1553 1861 1577 sq.
1888 1545 1929 1570 lin.
1956 1547 1997 1572 38.
2025 1547 2065 1572 39.

1152 1576 1293 1606 „Errata.“

1188 1610 1271 1639 Quam
1291 1612 1372 1635 multa
1389 1618 1523 1642 possemus
1543 1613 1662 1644 exempla
1682 1620 1885 1637 commemorare
1905 1621 1937 1638 ex
1956 1616 2069 1638 omnium

1152 1643 1297 1677 temporum
1316 1654 1345 1670 ac
1365 1647 1481 1677 gentium
1499 1647 1624 1679 historijs‚
1644 1649 1669 1671 in
1690 1648 1782 1678 quibus
1803 1654 1943 1672 cernuntur
1962 1649 2068 1674 horren-

1152 1680 1186 1703 da
1205 1680 1327 1711 exempla
1351 1688 1494 1712 poenarum
1518 1689 1584 1713 quae
1610 1682 1733 1706 libidines
1760 1687 1864 1707 secutae
1891 1687 1958 1708 suut.
1996 1684 2068 1708 Inter

1152 1721 1242 1738 causas
1265 1715 1355 1746 diluuij
1380 1715 1409 1739 fit
1435 1717 1532 1740 mentio
1559 1717 1712 1747 libidinum,
1737 1721 1830 1748 postea.
1854 1718 1969 1750 quinque
1993 1719 2069 1743 nrbes

1151 1749 1222 1773 hiatu
1250 1753 1334 1773 terrae
1362 1751 1399 1774 ita
1427 1751 1566 1782 absorptae
1595 1756 1666 1781 sunt,
1694 1756 1722 1775 ut
1747 1757 1941 1776 monumentum
1967 1760 2068 1784 poenae

1151 1788 1294 1813 aeternum,
1313 1784 1385 1808 lacus
1410 1785 1571 1816 Asphaltites
1595 1787 1733 1815 manserit,
1757 1786 1821 1810 Cum
1842 1787 1993 1811 Israhelitae
2018 1789 2070 1811 dis-

1151 1819 1342 1843 cessissent‘ex
1362 1820 1498 1851 Aegypto,
1518 1824 1543 1843 et
1568 1821 1641 1844 multi
1669 1828 1696 1844 sc
1721 1822 1909 1845 consuetudine
1933 1823 2070 1847 mulierum

1151 1852 1352 1877 Moabiticarum
1391 1854 1559 1886 polluissent,
1599 1855 1736 1879 duodecim
1772 1855 1906 1887 Principes
1943 1857 2068 1881 Tribuum

1151 1889 1267 1919 suspensi
1287 1892 1361 1917 sunt,
1381 1892 1406 1912 et
1424 1889 1555 1913 trucidata
1579 1890 1671 1920 uiginti
1692 1894 1803 1921 quatuor
1827 1891 1899 1915 milia
1922 1891 2064 1915 hominum.

1150 1922 1276 1947 Funditus
1295 1926 1388 1954 postea
1406 1924 1485 1947 deleti
1505 1923 1630 1954 Cananei,
1651 1928 1676 1948 et
1694 1925 1847 1949 nominatim
1872 1927 1941 1949 iuter
1965 1934 2067 1956 causas,

1151 1961 1317 1981 recensentur
1344 1958 1436 1983 incesti
1465 1959 1625 1984 concubitus.
1666 1959 1809 1989 Aliquanto
1834 1965 1892 1991 post.
1916 1965 2004 1985 secuta
2029 1966 2068 1984 est

1151 1991 1239 2015 clades
1249 1991 1386 2017 Beniamin
1405 1997 1512 2024 propter
1522 1997 1665 2025 stupratam
1677 1993 1784 2018 Leuitae
1795 1996 1940 2025 coniugem.
1963 1995 2067 2019 Deinde

1150 2026 1239 2050 Dauid
1258 2027 1354 2051 eiectus
1374 2035 1456 2058 regno
1476 2033 1584 2059 propter
1602 2028 1766 2058 adulterium,
1786 2029 1932 2060 Aliquoties
1953 2034 1979 2053 et
1996 2030 2064 2053 Iere-

1150 2061 1216 2085 mias
1235 2061 1299 2085 haec
1318 2063 1369 2086 tria
1387 2062 1520 2086 Idolorum
1540 2063 1632 2093 cultus,
1651 2063 1802 2094 tyrannides
1822 2067 1847 2087 et
1860 2064 1986 2088 adulteria
2005 2071 2065 2088 cau-

1149 2103 1192 2120 sas
1211 2103 1268 2120 esse
1287 2097 1403 2121 clamitat
1420 2097 1564 2128 ingentium
1593 2098 1766 2122 calamitatum
1790 2105 1855 2129 qnae
1881 2103 2066 2130 oppresserunt

1150 2131 1296 2154 uniuersam
1320 2136 1424 2162 gentem
1447 2132 1619 2163 Iudaeorum,
1643 2140 1700 2156 eum
1727 2133 1753 2156 in
1777 2132 1937 2163 Babylonem
1963 2135 2066 2165 captiua

1151 2165 1332 2190 abduceretur.

1186 2209 1258 2233 Haec
1285 2216 1316 2232 eo
1341 2209 1438 2241 scripta
1464 2213 1538 2239 sunt,
1565 2214 1594 2233 ut
1620 2214 1761 2234 statuamus
1790 2210 1874 2234 Deum
1902 2217 1963 2234 uere
1988 2211 2067 2235 irasci

1151 2285 1239 2308 ruere,
1258 2278 1304 2303 sed
1324 2279 1409 2310 puniri
1428 2279 1567 2309 diuinitus,
1588 2280 1659 2310 Ergo
1684 2281 1760 2303 etiam
1786 2279 1952 2303 Ethnicarum
1978 2281 2066 2304 ciuita-

1150 2316 1204 2336 tum
1223 2313 1328 2337 excidia
1347 2321 1394 2337 nos
1414 2314 1446 2336 de
1475 2315 1514 2337 ira
1544 2314 1592 2337 Dei
1619 2314 1745 2337 aduersus
1764 2314 1828 2337 haec
1853 2314 1953 2338 scelera
1976 2315 2066 2339 admo—

1151 2351 1223 2371 nent.
1260 2347 1359 2371 Euersa
1379 2352 1418 2371 est
1439 2347 1548 2372 Sibaris.
1588 2348 1721 2377 Athenae,
1746 2348 1853 2380 Sparta,
1880 2349 1985 2372 Thebae
2012 2350 2064 2373 col—

1150 2382 1214 2405 lisae
1244 2382 1318 2406 bellis
1352 2383 1471 2407 ciuilibus
1505 2390 1602 2414 poenas
1640 2383 1819 2414 impudivitiae
1857 2383 2001 2413 dederunt.
2031 2384 2065 2408 Et

1149 2416 1234 2441 Roma
1253 2424 1310 2441 cnm
1329 2421 1368 2441 tot
1386 2417 1503 2441 Nerones
1525 2421 1550 2440 et
1575 2417 1762 2448 Heliogabalos
1788 2417 1935 2448 habuisset,
1961 2419 2064 2442 tandem

1150 2451 1274 2481 concidit,
1294 2452 1408 2484 undique
1434 2452 1577 2476 dilacerato
1608 2451 1736 2482 Imperio,
1761 2452 1839 2475 armis
1865 2452 2064 2477 Barbaricarum

1148 2487 1264 2517 gentium
1283 2486 1458 2518 plurimarum.
1495 2486 1602 2516 Longus
1630 2486 1773 2517 Catalogus
1797 2491 1837 2510 est
1861 2492 1887 2510 et.
1910 2487 1978 2518 apud
2004 2488 2064 2511 Ari-

1150 2521 1278 2550 stotelem,
1297 2521 1439 2549 ciuitatum,
1459 2521 1485 2544 in
1506 2521 1596 2551 quibus
1622 2522 1777 2545 mutationes
1802 2521 1950 2553 politiamm
1977 2526 2003 2545 et.
2024 2529 2063 2546 se-

1150 2555 1263 2579 ditiones
1282 2559 1387 2587 propter
1406 2555 1527 2579 libidines
1547 2556 1699 2586 extiterunt,
1718 2559 1819 2587 praeter
1837 2555 1884 2580 has
1902 2563 1999 2588 poenas
2018 2556 2063 2580 ad-

1149 2593 1239 2614 monet
1257 2590 1399 2614 Ecclesiam
1417 2589 1522 2620 Paulus,
1542 2590 1667 2614 accedere
1685 2590 1762 2614 aliam
1780 2597 1904 2622 poenam,
1929 2590 2062 2620 uidelicet,
