2324 2944
51 140 117 173 393
633 136 672 168 11.

50 237 178 271 neatur,
202 237 235 264 et
258 231 317 263 fiat
339 231 450 274 aptior
477 231 519 263 ad
542 229 682 262 affectus
711 230 911 272 spirituales.
957 233 1033 264 Non

51 281 104 307 est
125 275 351 312 sentiendum,
374 275 459 306 haec
477 273 634 306 exercitia
653 272 763 305 cultus
787 284 865 306 esse
888 276 943 317 qui
967 285 1033 307 me-

50 322 186 350 reantur
208 317 438 348 remissionem
461 321 686 358 peccatorum,
709 321 767 348 aut
786 316 1034 350 satisfactiones

49 370 128 393 esse
150 365 214 392 etc.
259 359 300 391 Et
321 359 406 391 haec
430 357 605 400 disciplina
628 359 727 390 debet·
760 369 837 391 esse
862 367 1034 402 perpetua,

48 413 113 436 nec
135 408 277 444 possunt
300 402 485 444 praescribi
517 401 597 434 certi
627 401 697 432 dies
721 401 846 443 pariter
869 405 1032 436 omnibus.

48 445 103 479 De
125 446 190 478 hac
213 445 389 487 disciplina
411 445 515 487 inquit
537 443 712 482 Christus,
737 443 864 476 Cauete
887 456 929 477 ne
961 457 1034 477 cor-

47 499 132 531 pora
153 493 270 520 vestra
294 493 477 531 grauentur
498 485 646 529 crapula.
693 486 784 519 ltem.
831 487 906 520 Hoc
926 498 1033 531 genus

49 532 299 564 daemoniorum
322 541 390 563 non
421 530 550 573 eijcitur
578 530 642 561 nisi
671 529 791 561 ieiunio
816 536 848 562 et
871 532 1033 564 oratione.

47 574 91 607 Et
111 573 236 606 Paulus
260 574 316 606 ait.
348 573 489 616 Castigo
513 582 636 614 corpus
667 583 776 606 meum
806 580 837 605 et
861 575 978 618 redigo
1001 576 1033 606 in

48 618 253 650 seruitutem.
304 616 421 659 ltaque
448 626 516 648 non
547 617 775 656 vituperamus
802 617 941 656 ieiunia,
971 619 1033 650 sed

48 660 310 703 supersticiosas
331 660 516 701 opiniones,
534 664 567 690 et
588 657 728 701 laqueos
752 660 1033 693 conscientiarum

47 704 81 735 in
104 703 352 735 traditionibus.
397 702 505 734 Porro
529 702 616 733 11300
640 702 810 742 exercitia,
834 713 908 735 cum
930 704 973 736 ad
996 703 1033 735 il-

48 746 117 779 lum
139 745 237 778 finem
260 745 460 784 reseruntur,
472 751 507 777 vt
519 744 702 777 habeamus
722 755 865 787 corpora
888 747 1034 779 obnoxia

48 790 91 821 ad
112 799 168 821 res
191 787 402 830 spirituales,
430 794 464 820 et
492 789 534 820 ad
560 786 747 820 faciendum
771 788 916 821 officium
939 790 1032 822 iuxta

47 832 264 864 vocationem
294 838 358 863 etc.
391 837 467 862 sunt
497 831 530 862 in
558 832 622 873 pijs
651 832 738 863 bona
768 842 890 874 opera,
911 834 964 872 ⁵⁴)
998 838 1034 865 vt

48 878 188 905 testatur
226 872 379 904 Danielis
419 872 616 914 exemplum.
679 875 765 904 Sunt
803 875 889 905 enim
929 884 1033 916 opera

48 925 134 959 quae
156 915 199 948 ad
220 915 310 948 hunc
331 915 430 947 finem
454 916 591 958 requirit
609 914 722 954 Deus,
751 921 787 947 vt
817 927 952 948 carnem
976 927 1032 949 00-

47 958 218 991 herceant.
233 960 287 998 ⁵2)

263 1102 330 1135 DE
354 1102 614 1136 comvcio
639 1102 825 1135 5110011-

410 1144 668 1191 0011171155)

136 1225 189 1262 ⁵⁵)
219 1222 303 1256 Cum
334 1222 487 1255 doctrina
510 1221 704 1254 Christiana
725 1221 912 1254 honorifice
934 1232 1030 1264 prae-

46 1267 133 1299 dicet
156 1267 358 1310 coniugium,
378 1276 486 1307 eoque
508 1266 554 1296 vti
577 1266 707 1304 iubeat,
730 1275 798 1297 non
822 1264 930 1297 solum
953 1276 1030 1307 pro-

45 1310 224 1343 creationis
247 1319 367 1347 causa,
392 1309 452 1340 sed
476 1309 573 1340 etiam
592 1309 634 1340 ad
657 1307 838 1341 frenandas
862 1309 1030 1341 vitandas-

44 1364 110 1396 que
131 1353 301 1388 libidines,
327 1363 416 1384 nunc
438 1361 506 1383 non
529 1350 638 1384 solum
660 1352 831 1394 pontificia
854 1351 943 1394 lege,
967 1353 1028 1384 sed

0 1408 1 1438 1
43 1398 139 1429 etiam
173 1406 261 1429 noua
299 1401 399 1437 atque
436 1395 592 1427 inusitata
628 1396 773 1435 seuieia,
810 1395 1029 1437 prohibentur

0 1471 1 1474 ,
43 1441 200 1483 coniugia
241 1439 495 1478 sacerdotibus,
539 1445 570 1470 et
605 1444 780 1470 contracta
819 1439 1026 1478 dirimuntur,

41 1484 144 1526 quue
178 1483 245 1515 hoc
279 1488 331 1514 est
360 1482 546 1524 indignius,
585 1483 675 1524 quod
704 1482 790 1514 haec
813 1482 845 1514 in
870 1481 1027 1516 Ecclesia

40 1526 139 1566 fiunt,
161 1537 248 1568 quae
270 1531 305 1557 vt
328 1527 469 1557 maxime
499 1526 599 1557 debet
627 1524 812 1557 abhorrere
839 1536 860 1556 a
888 1526 1026 1567 turpitu-

40 1570 134 1609 dine,
158 1571 204 1602 lta
228 1569 417 1611 coniugium
441 1569 482 1600 ad
511 1569 647 1600 vitanda
675 1568 777 1601 multa
797 1569 943 1609 ingentia
967 1568 1024 1600 ssa-

41 1613 138 1655 gitia,
161 1622 289 1644 summo
313 1613 422 1643 studio
443 1612 525 1643 tueri
552 1613 703 1643 debebat.
755 1611 809 1642 Ad
841 1611 924 1644 haec
948 1622 1022 1644 cum

39 1656 74 1687 in
98 1656 251 1688 omnibus
265 1654 408 1686 ethnicis
422 1656 522 1686 rebus
545 1654 688 1696 publicis
713 1655 925 1686 mediocriter
943 1665 1022 1688 0011-

40 1699 175 1737 stitutis,
197 1703 332 1740 propter
355 1698 572 1740 grauissimas
602 1708 741 1736 causas,
771 1698 960 1739 coniugium
990 1699 1023 1730 in

39 1752 161 1785 magno
185 1741 313 1773 honore
336 1740 447 1780 fuerit,
460 1742 538 1783 quid
561 1742 669 1773 minus
693 1742 789 1773 decet
809 1742 839 1772 in
858 1740 1023 1781 Ecclesia,

39 1795 138 1828 quam
166 1791 198 1817 et
226 1785 474 1817 sanctissimum
505 1783 623 1816 foedus
649 1785 794 1826 coniugi-j
825 1784 1023 1824 distrahere,

39 1834 97 1861 aut
120 1828 318 1872 capitalibus
337 1829 476 1869 poenis,
505 1826 597 1860 velut
627 1838 789 1859 summum
813 1827 942 1867 scelus,
965 1839 1023 1870 pu-

37 1871 109 1904 nire
132 1871 344 1914 coniugium?
366 1871 456 1903 vnde
485 1871 570 1902 haec
599 1871 631 1903 in
661 1870 866 1910 Ecclesiam,
896 1872 929 1902 in
958 1882 1023 1914 qua

38 1915 137 1947 debet
160 1913 328 1948 excellere
340 1920 454 1947 mutua
477 1914 622 1953 dilectio,
645 1915 793 1956 peruasit
817 1915 1024 1946 immanitas?

36 1956 145 1990 Porro
169 1969 226 1991 res
248 1957 396 2000 loquitur
418 1958 509 2000 ipsa,
539 1964 698 2000 quantum
722 1958 948 1999 turpitudinis,
982 1968 1023 1989 ac

38 2001 221 2037 scelerum,
249 2003 359 2044 pariat
385 2002 558 2043 pontificia
590 2001 663 2040 lex,
692 2001 733 2033 de
754 2000 916 2041 celibatu,
950 2000 1022 2034 Nec

36 2043 106 2077 vlla
126 2045 271 2077 humana
293 2054 379 2076 voce
403 2045 468 2076 dici
489 2050 610 2087 potest,
628 2050 785 2087 quantum
797 2045 956 2076 viciorum
981 2055 1023 2076 ex

36 2087 103 2120 1100
126 2086 218 2120 sonte
241 2088 275 2119 in
304 2087 492 2122 Ecclesiam
520 2089 757 2128 exundauerit‚
784 2088 868 2121 Nam
897 2093 933 2120 vt
954 2098 1023 2120 non

34 2230 83 2264 54)
100 2231 172 2255 bona
189 2229 292 2263 opera‚]
313 2230 351 2255 oie
369 2229 418 2255 Ed.
438 2231 481 2261 3.;
499 2231 551 2255 Ed.
569 2231 611 2257 4.:
630 2231 700 2256 bona
719 2235 744 2256 et
762 2232 897 2256 meritoria
915 2239 1005 2265 opera,

34 2274 82 2307 55)
100 2273 142 2299 De
160 2274 285 2306 conivgio
305 2273 489 2305 sacer-domn]
507 2272 547 2298 hic
565 2275 699 2306 articulus,
723 2276 765 2308 qm·
789 2275 816 2299 n'n
839 2275 920 2300 Editt.
945 2276 970 2301 3.
996 2275 1021 2301 4.

103 2308 150 2334 hoc
165 2309 249 2342 quinto
270 2309 321 2333 Ioco
342 2309 447 2341 legitur,
465 2309 491 2332 in
509 2309 591 2334 Editt.
612 2311 636 2336 1.
655 2311 681 2336 2.
701 2309 829 2336 exhibetur
849 2311 900 2335 zoco
918 2310 1023 2335 secvndo

103 2342 176 2368 huius.
194 2344 298 2370 alterius
313 2344 397 2377 partis
417 2342 592 2376 confessionis.

34 2386 82 2419 56)
101 2385 167 2411 cum
192 2387 313 2412 doctrina
341 2386 492 2412 Christiana
518 2386 664 2412 honorifice
691 2388 829 2420 praedicet
851 2401 884 2406 ——
904 2402 938 2406 —
957 2395 1022 2420 qnos

103 2421 209 2454 quidem
226 2421 286 2446 Deo
305 2429 383 2445 curae
408 2429 464 2446 esse
488 2429 541 2446 non
567 2422 736 2456 dubitamus]
766 2424 803 2447 aie
831 2422 871 2448 hic
899 2423 1023 2448 articulus

104 2456 199 2481 omnino
217 2457 331 2481 variatus
350 2456 442 2488 Ieyitur
459 2457 486 2480 {n
504 2456 554 2481 Ed.
575 2458 610 2488 3.,
632 2465 685 2482 cum
707 2466 757 2490 qua
779 2458 830 2483 Ed.
857 2459 883 2484 4.
909 2457 1022 2490 conqrm't

100 2494 204 2523 praeter
221 2491 328 2524 quinque
346 2491 412 2515 locos
429 2490 456 2514 in
473 2499 503 2516 ea
521 2491 600 2516 denuo
618 2495 734 2522 mutatam,
753 2501 813 2525 quos
831 2493 857 2517 in
875 2500 940 2524 seqq.
957 2493 1023 2516 not-'³

102 2526 375 2559 57—-61,proponam.
411 2524 442 2550 In
465 2525 547 2551 Editt.
573 2528 596 2552 1.
615 2527 641 2552 2.
668 2526 708 2552 ln‘c
734 2531 786 2552 art.
812 2529 849 2552 nic
876 2526 1021 2552 exhibetur:

102 2559 211 2585 Publica
235 2561 342 2593 querela
365 2560 413 2584 fuit
438 2560 471 2585 de
495 2561 619 2593 exemplis
641 2560 816 2587 Sacerdotum
840 2575 874 2580 —
898 2575 932 2580 —
957 2569 1020 2594 quo-

103 2594 184 2620 modo
201 2595 255 2620 fere
274 2594 398 2619 hactenus
416 2594 473 2620 fieri
492 2597 638 2621 consueuit.
657 2596 728 2629 (vide
746 2605 824 2630 utapro
836 2605 865 2631 p.
888 2596 949 2624 294.
975 2596 1020 2621 lin.

104 2629 147 2656 16.
166 2641 199 2648 -·
213 2637 242 2663 p.
259 2630 319 2656 297.
341 2629 385 2660 lya.
405 2629 447 2662 6.)

717 137 755 170 B.
801 136 1048 171 CONFESSIO
1072 135 1349 169 AUGUSTANA
1371 135 1484 170 lPSA.

2002 138 2067 171 394

1081 230 1230 263 dicamus
1254 231 1295 262 de
1312 230 1499 272 Epicureis,
1517 241 1602 272 quos
1626 230 1706 262 1111111
1726 231 1837 272 pudet,
1851 242 1948 273 quam
1972 232 2065 266 multi

1080 273 1126 347 1111·
1149 283 1192 305 ac
1215 274 1292 305 boni
1315 275 1377 305 viri
1399 272 1598 306 infoeliciter
1627 272 1743 305 luctati
1767 280 1843 305 sunt
1868 285 1941 306 cum
1965 276 2065 307 imbe-

1081 317 1109 348 ci
1127 315 1218 347 litate
1241 322 1392 356 naturae,
1411 322 1443 349 et
1466 317 1507 350 ad
1532 324 1714 348 extremum
1738 317 1770 348 in
1794 316 1987 350 horribilem
2011 319 2065 350 de—

1081 359 1305 401 sperationem
1334 360 1538 398 inciderunt,
1577 359 1650 395 Quo
1681 365 1810 400 spectat
1843 367 1951 392 autem
1980 361 2066 394 haec

1081 412 1172 434 noua
1195 401 1392 441 crudelitaS,
1421 403 1485 434 nisi
1504 409 1539 434 vt
1562 401 1620 434 illa
1642 402 1769 435 infinita
1792 402 1922 435 scelera
1944 405 1977 435 in
2000 404 2064 437 Ec·

1082 443 1188 475 clesia
1212 445 1468 483 confirmentur,
1493 450 1525 477 et
1548 452 1583 477 vt
1601 446 1742 487 improbi
1765 452 1904 487 peccent
1927 447 2065 488 impuni-

1081 487 1168 519 tius?
1200 486 1293 519 Haec
1328 498 1433 519 031153
1462 487 1542 519 nihil
1574 489 1675 521 habet
1709 499 1793 530 opus
1830 489 2062 530 disputatione,

1081 530 1165 562 Nam
1188 528 1274 561 11300
1295 540 1385 562 110113
1406 528 1478 568 lex,
1510 541 1595 572 quae
1619 542 1708 562 nunc
1731 531 1919 564 defenditur
1942 533 1983 564 ab
2008 533 2064 564 ad-

1083 573 1260 615 uersarijs,
1288 583 1374 615 quae
1400 579 1433 604 et
1462 573 1617 613 prohibet
1641 574 1872 606 sacerdotibus
1898 575 2063 618 coniugia,

1082 621 1114 648 et
1143 622 1318 648 contracta
1347 615 1519 654 distrahit,
1550 622 1677 658 pugnat
1712 627 1786 648 cum
1809 617 1880 648 iure
1908 617 2065 657 naturali,

1083 659 1213 697 diuino,
1237 668 1311 691 cum
1340 658 1545 702 Euangelio,
1578 669 1653 691 cum
1682 666 1829 691 veterum
1859 661 2065 701 synodorum

1083 702 1390 739 constitutionibus,
1423 712 1498 734 cum
1532 700 1692 744 exemplis
1722 704 1845 734 veteris
1880 702 2064 735 Ecclesiae.

1081 744 1221 777 Tantum
1245 755 1331 786 opus
1355 751 1407 777 est
1429 745 1528 777 nobis
1550 746 1673 786 pietate
1698 752 1730 777 et
1752 746 1919 787 aequitate
1951 747 2065 787 optimi

1083 787 1311 829 Imperatoris,
1336 798 1434 830 quem
1457 798 1609 827 oramus,
1637 794 1673 820 vt
1695 799 1756 829 pro
1781 799 1842 820 sua
1865 790 2004 829 pietate,
2033 795 2065 821 et

1108 841 1144 861 ro
1167 841 1230 862 5110
1255 830 1378 870 officio,
1401 831 1527 863 abolita
1551 833 1723 874 tyrannica
1746 830 1835 875 lege,
1855 832 1979 863 mederi
2002 831 2065 864 Ec-

1084 872 1206 904 clesiae
1226 874 1366 905 studeat.
1413 873 1494 905 Cum
1519 874 1624 905 onmis
1648 874 1767 906 iniusta
1791 873 1970 906 crudelitas
1990 874 2064 907 Deo

1084 915 1249 956 displicet,
1272 921 1340 947 tum
1364 914 1421 948 illa
1443 916 1584 948 maxime
1603 926 1689 956 quae
1701 924 1876 949 exercetur
1899 918 1931 948 in
1953 928 2065 949 sacer-

1083 958 1179 989 dotes
1202 959 1277 1000 pios
1301 964 1333 990 et
1357 959 1524 997 eruditOS,
1551 960 1606 1001 qui
1642 960 1726 991 bene
1748 966 1917 992 merentur
1940 961 1980 991 de
2003 960 2064 992 Ec-

1083 1000 1199 1032 clesia.
1223 1001 1355 1033 Aenon
1373 1001 1481 1033 solum
1495 1001 1606 1033 diuina
1631 1001 1767 1034 oracula
1791 1004 1956 1035 minantur
1978 1010 2065 1035 atro-

1083 1043 1236 1075 cissimas
1259 1054 1399 1085 poenas,
1421 1043 1485 1082 his,
1499 1045 1553 1086 qui
1578 1044 1807 1078 crudelitatem
1831 1052 1986 1078 exercent
2008 1047 2065 1079 ad-

1081 1096 1202 1118 uersus
1247 1087 1468 1126 sacerdotes,
1517 1087 1578 1118 sed
1611 1087 1764 1130 exempla
1808 1090 1905 1120 etiam
1953 1095 2066 1121 extant

1082 1129 1225 1160 omnium
1239 1135 1395 1168 aetatum,
1419 1140 1503 1172 quae
1526 1132 1744 1172 comprobant
1768 1131 1843 1162 illas
1867 1133 1972 1163 minas
1996 1143 2064 1165 non

1080 1181 1159 1204 esse
1188 1173 1310 1204 irritas.
1363 1173 1448 1204 Nam
1478 1178 1514 1204 vt
1543 1172 1607 1205 alia
1632 1174 1883 1206 innumerabilia
1911 1175 2064 1217 exempla

1080 1215 1290 1254 omittamus,
1326 1215 1418 1248 Gens
1453 1216 1627 1248 Beniamin
1656 1215 1726 1249 sere
1762 1223 1832 1249 tota
1861 1217 1969 1249 deleta
2000 1225 2063 1257 est,

1079 1264 1216 1300 propter
1251 1265 1437 1301 stupratam
1472 1258 1616 1301 hospitis
1650 1261 1838 1293 sacerdotis
1874 1262 2061 1305 coniugem.

1079 1300 1162 1333 Cum
1185 1302 1270 1334 enim
1291 1303 1437 1335 cadauer
1455 1301 1682 1342 mulierculae,
1697 1314 1782 1346 quae
1794 1311 1915 1336 vexata
1927 1305 2062 1346 stupris,

1078 1344 1224 1376 extincta
1247 1351 1329 1384 erat,
1353 1347 1557 1385 dissectum,
1584 1347 1723 1379 missum
1754 1353 1845 1379 esset
1874 1349 1917 1379 ad
1940 1348 2061 1389 princi-

1076 1398 1138 1429 pes
1161 1387 1283 1427 lsrael,
1307 1389 1465 1421 iudicauit
1490 1390 1664 1422 vniuersus
1688 1389 1833 1432 populus
1857 1396 1979 1422 tantam
2003 1391 2061 1423 im-

1075 1431 1265 1463 manitatem
1291 1433 1505 1465 seuerissime
1533 1433 1736 1474 puniendam
1765 1443 1851 1466 esse.
1910 1433 2060 1476 Cumque

1075 1484 1141 1505 non
1166 1474 1370 1508 dederentur
1392 1476 1435 1508 ad
1457 1485 1599 1516 poenam
1623 1483 1758 1508 autores
1781 1476 1959 1516 facinoris,
1990 1483 2060 1510 tota

1075 1528 1160 1560 gens
1183 1518 1355 1550 Beniamin
1378 1529 1500 1562 magna
1524 1518 1620 1551 clade
1643 1526 1794 1561 accepta,
1808 1531 1935 1561 poenas
1959 1520 2058 1552 dedit.

1074 1562 1119 1592 At
1142 1560 1208 1593 hoc
1227 1567 1375 1604 tempore
1397 1561 1572 1604 multiplici
1597 1563 1714 1595 iniuria
1737 1562 1929 1595 afficiuntur
1948 1574 2059 1595 sacer-

1074 1604 1183 1643 dotes,
1196 1605 1262 1646 lpsi
1281 1615 1356 1638 cum
1380 1605 1511 1648 quidem
1534 1604 1660 1638 nullum
1684 1607 1732 1638 eis
1765 1607 1890 1638 crimen
1924 1607 2060 1649 obijcia·

1072 1653 1136 1686 tur,
1160 1648 1224 1679 nisi
1247 1649 1448 1691 coniugium,
1481 1649 1660 1681 excruciati
1689 1649 1904 1682 horribilibus
1934 1650 2060 1692 suppli-

1074 1692 1136 1733 cijs
1148 1697 1323 1731 necantur,
1336 1693 1479 1724 miserae
1498 1692 1657 1735 coniuges
1671 1699 1703 1724 et
1725 1694 1820 1735 parui
1844 1692 1940 1726 liberi
1963 1694 2058 1726 eiecti

1072 1735 1143 1766 suis
1167 1733 1309 1773 nidulis,
1340 1740 1509 1778 vagantur
1532 1741 1705 1775 extorres,
1737 1736 1810 1768 sine
1841 1742 1934 1768 certa
1963 1737 2057 1776 sede,

1072 1779 1144 1809 sine
1166 1784 1274 1817 tecto,
1296 1778 1369 1810 sine
1395 1779 1476 1811 lare.
1523 1777 1647 1811 Paulus
1678 1785 1778 1811 vocat
1801 1780 2057 1821 prohibitionem

1073 1822 1231 1865 coniugij,
1252 1822 1435 1853 doctrinam
1458 1822 1720 1855 daemoniorum.
1751 1823 1787 1854 Id
1807 1828 1970 1855 testantur
1990 1833 2058 1854 nnn

1071 1863 1179 1896 solum
1203 1865 1396 1907 turpissima
1418 1865 1524 1904 vicia,
1555 1875 1639 1907 quae
1664 1864 1848 1898 coelibatus
1876 1866 2002 1898 inuexit
2025 1867 2058 1898 in

1072 1907 1277 1947 Ecclesiam,
1306 1908 1374 1941 Sed
1397 1909 1495 1940 etiam
1524 1908 1610 1940 11300
1641 1909 1713 1951 ipsa
1747 1909 1931 1950 asperitas,
1967 1919 2054 1951 quae

1070 1957 1206 1994 propter
1240 1951 1328 1983 hanc
1362 1951 1472 1995 legem
1512 1958 1689 1984 exercetur
1712 1952 1745 1983 in
1774 1952 1988 1990 sacerdotes,
2024 1957 2057 1984 et

1072 2005 1185 2028 eorum
1215 1995 1377 2038 coniuges
1405 2006 1446 2028 30
1474 1994 1612 2028 liberos.
1666 1995 1753 2028 Nam
1776 1994 1930 2028 diabolus
1952 1995 2054 2027 homi-

1072 2038 1145 2071 cida
1171 2044 1241 2078 est,
1270 2044 1303 2071 et
1332 2039 1460 2081 piorum
1489 2037 1733 2071 calamitatibus
1761 2038 1943 2081 praecipue
1966 2037 2056 2071 dele-

1071 2087 1193 2115 ctatur.
1245 2081 1314 2114 Sed
1339 2081 1418 2114 olim
1448 2081 1523 2114 Deo
1549 2092 1678 2123 poenas
1709 2082 1815 2114 daturi
1838 2088 1917 2113 sunt
1941 2080 2055 2114 talium

1071 2123 1286 2158 consiliorum
1313 2132 1461 2158 autores.
1525 2125 1598 2157 Nos
1629 2125 1716 2157 hanc
1752 2126 1920 2164 seuitiam,
1945 2134 2055 2167 neque

1071 2169 1204 2212 dignam
1239 2167 1454 2208 Christianis,
1482 2179 1590 2212 neque
1621 2167 1735 2201 vtilem
1764 2167 1940 2201 Ecclesiae
1973 2178 2053 2201 esse

1070 2212 1300 2245 iudicauimus.

1157 2272 1256 2308 Quod
1276 2283 1358 2305 vero
1382 2273 1539 2316 obijcitur
1562 2273 1725 2304 autoritas
1748 2270 1835 2314 legis
1849 2270 2053 2310 Pontificiae,

1071 2327 1132 2348 cur
1159 2326 1226 2347 non
1261 2315 1407 2359 allegant
1438 2317 1647 2348 autoritatem
1679 2314 1852 2346 Canonum
1887 2314 2053 2346 aduersus

1070 2359 1179 2401 turpia
1202 2359 1353 2402 exempla
1383 2360 1500 2401 impuri
1522 2357 1728 2395 coelibatus,
1747 2365 1779 2390 et
1800 2356 1932 2389 scelera
1954 2357 2055 2400 digna

1070 2402 1370 2435 animaduersione.
1416 2401 1516 2435 Nulla
1535 2403 1634 2434 debet
1653 2411 1732 2433 esse
1755 2401 1918 2433 autoritas
1941 2399 2053 2432 Ponti-

1070 2445 1137 2489 ficij
1161 2446 1306 2485 decreti,
1335 2447 1517 2488 pugnantis
1548 2456 1622 2477 cum
1646 2445 1717 2476 iure
1740 2450 1897 2483 naturae,
1920 2450 1955 2475 et
1978 2453 2053 2475 cum

1069 2490 1226 2522 mandato
1256 2490 1385 2528 diuino,
1409 2489 1533 2521 Natura
1563 2487 1716 2520 homines
1745 2487 1791 2519 ita
1815 2487 1939 2519 conditi
1961 2493 2052 2526 sunt,

1069 2538 1105 2564 vt
1127 2533 1193 2565 sint
1215 2531 1383 2572 foecundi,
1401 2542 1504 2575 quare
1522 2530 1752 2564 Iurisconsulti
1769 2531 1893 2565 dicunt,
1918 2530 2055 2562 coniun-

1069 2577 1214 2609 ctionem
1231 2577 1331 2609 maris
1346 2581 1379 2609 et
1392 2574 1560 2607 foeminae
1582 2584 1659 2607 esse
1681 2575 1763 2607 iuris
1780 2579 1931 2607 naturae.
1951 2574 2053 2615 idque

1069 2620 1170 2653 docet
1193 2619 1352 2662 Genesis,
1379 2619 1488 2661 capite
1516 2618 1623 2661 primo
1654 2624 1685 2650 et
1709 2617 1869 2651 secundo.
1919 2615 2050 2649 Deinde
