2324 2944
92 165 157 198 233
671 163 710 195 11.
756 163 794 194 B.
841 161 1084 195 CONFESSIO
1106 161 1383 194 AUGUSTANA
1408 161 1518 193 IPSA.
2034 162 2099 195 234

247 259 297 289 Ad
319 259 397 288 hanc
419 258 590 289 Editionem
615 261 755 297 spectant
777 258 878 291 verba,
901 267 917 286 a
942 257 1052 296 quibus
1071 257 1246 286 Melanthon
1270 256 1484 297 praefationem
1505 266 1580 285 suae
1593 255 1650 286 Ed.
1673 257 1817 296 principis
1837 257 1964 287 orditur:
1990 257 2095 293 „Haec

93 302 246 334 confessio
268 312 395 342 prorsus
419 302 625 341 ignorantibus
644 301 830 340 principibus
855 301 904 339 qui
930 311 994 329 earn
1019 300 1143 329 Caesari
1168 299 1374 335 exhibuerunt,
1398 299 1435 328 ab
1455 296 1544 328 avaro
1567 299 1668 338 aliquo
1689 299 1892 339 typographo,
1917 303 1986 330 ante
2017 300 2096 329 duos

93 355 218 377 menses
240 345 393 385 publicata
416 349 473 375 est.
519 344 558 374 Et
582 345 621 374 ita
645 353 758 373 excusa
782 347 839 375 est.
861 347 891 372 ut
917 343 1018 373 inultis
1043 344 1070 372 in
1095 343 1172 373 locis
1196 347 1337 382 appareat
1363 342 1400 371 de
1421 342 1568 371 industria
1592 342 1783 382 depravatam
1815 344 1965 380 esse.“*)
2015 343 2099 372 Haec

94 390 276 430 depravatio,
299 389 386 418 cuius
407 388 502 417 editor
521 388 644 426 ignotus
665 387 695 417 h.
715 387 735 415 l.
759 397 776 415 a
795 386 991 416 Melanthone
1015 391 1185 421 accusatur,
1209 387 1307 416 varias
1332 386 1423 416 habet
1442 396 1553 415 causas
1576 387 1711 425 variique
1734 387 1854 425 generis
1879 390 1946 415 est:

246 460 274 488 1.
297 457 328 487 ln
352 457 409 487 hac
432 456 490 487 Ed.
504 454 670 485 Confessio
691 456 772 495 typis
797 457 947 494 exscripta
973 460 1037 489 est,
1068 456 1115 484 cui
1139 457 1271 484 auctoris
1290 465 1393 485 manus
1413 458 1545 484 extrema
1564 454 1693 484 nondum
1714 458 1896 493 accesserat,
1916 464 1987 493 ergo
2006 454 2099 484 forma

299 501 367 530 eius
391 500 566 530 intermedia
596 501 624 528 in
648 499 705 528 hac
737 498 790 527 Ed.
817 498 983 528 exhibetur.
1031 498 1105 527 Nam
1138 509 1195 527 non
1219 498 1318 528 solum
1343 498 1513 527 antitheses
1537 497 1726 527 articulorum
1750 496 1830 528 Xlll.
1862 501 1892 527 et
1912 496 2024 528 XVlll.
2049 498 2099 527 de-

299 547 379 578 sunt,
403 543 460 573 sed
483 543 573 572 etiam
597 543 625 571 in
646 541 771 571 articulo
796 541 833 570 (le
857 546 1010 580 potestate
1027 542 1238 571 ecelesiastica
1261 546 1330 581 post
1342 542 1448 571 verba:
1470 541 1578 575 „Haec
1600 541 1716 570 interim
1739 540 1799 570 alia
1817 540 1929 569 functio
1949 545 1997 570 est
2010 550 2099 579 qnam

298 587 496 616 ministerium
508 585 691 625 Euangelija
718 585 796 613 idem
821 585 932 623 legitur
955 585 1199 619 additamentum,
1224 585 1373 623 quodiam
1390 594 1482 623 supra
1505 595 1532 623 p.
1549 585 1608 613 215
1623 594 1671 623 sq.
1691 584 1719 613 in
1745 584 1949 623 descriptione
1973 582 2099 613 Codicis

299 629 444 660 Onoldini
467 628 591 658 allatum
615 632 679 658 est:
702 628 847 666 „Semper
871 632 970 657 antem
989 628 1161 657 docuerunt
1179 629 1280 658 nostri
1305 647 1341 651 —
1363 646 1400 650 —
1422 628 1543 667 utrique
1561 628 1608 656 rei
1626 627 1750 666 pariter·
1773 628 1919 656 sei-nirau
1935 627 1987 663 *ἢ
2022 626 2099 655 Uum

298 672 357 702 hoc
380 671 500 702 Codice
529 671 604 701 haec
627 671 686 701 Ed.
712 681 769 700 non
794 671 891 700 solum
916 672 943 700 in
969 671 1025 700 hac
1049 675 1174 709 utraque
1197 682 1228 700 re
1253 672 1418 708 consentit,
1452 670 1510 700 sed
1529 671 1617 700 etiam
1647 671 1674 699 in
1699 681 1746 705 eo,
1771 669 1852 709 quod
1876 670 1987 699 formae
2014 671 2099 699 inter-

299 715 418 745 mediae
441 714 641 744 Articulorum
665 714 797 753 praefixa
817 719 865 743 est
884 714 1029 753 praefatio
1054 715 1177 753 integra.
1222 714 1352 744 Nomina
1374 715 1403 743 in
1429 714 1487 743 tine
1505 714 1679 753 subscripta
1702 715 1739 743 ab
1762 712 1855 743 Editt.
1882 712 2027 742 Melanth.
2051 722 2100 752 pa·

301 769 363 789 rum
385 757 539 793 differunt3
558 759 606 787 sic
628 759 706 786 enim
732 759 759 786 in
784 757 840 786 hac
863 757 920 787 Ed.
945 757 1099 796 leguntur:

508 839 681 869 Caesareae
699 839 825 869 fllaiesl.
855 838 888 869 V.

1070 907 1192 936 Fideles
1215 907 1243 945 rs*
1265 907 1392 945 subditi,

799 975 935 1005 loannes
958 975 1026 1004 dux
1043 975 1206 1004 :Sa-reniae
1229 974 1365 1005 Elector.

803 1018 957 1056 Geor-ysius
981 1017 1122 1047 Mau-cleia
1143 1017 1464 1057 Brcmdenburyensis.

802 1061 952 1089 Ernestus
970 1061 989 1089 ὰ
1008 1060 1185 1099 Lzmebury.

799 1103 969 1141 Philippus
987 1103 1055 1132 clus
1075 1102 1243 1132 Castorum.

799 1146 932 1174 loannes
953 1145 1136 1175 Fridericus
1155 1145 1222 1174 dux
1239 1145 1412 1175 saxoniae.

800 1189 986 1217 From-iscus
1005 1188 1072 1217 dux
1095 1188 1352 1228 Ltmeburyens's.

806 1231 998 1269 Volsjqannqus
1019 1231 1177 1270 Princeps
1199 1232 1237 1261 ab
1261 1231 1388 1263 Ankale.

796 1275 928 1304 Senatus
940 1275 1207 1315 lllayislratusque
1225 1275 1482 1315 Nurnberyensis.

797 1318 930 1347 Senatus
949 1317 1191 1357 Reutlinyensis.

242 1392 271 1422 2.
294 1388 424 1421 Ceterae
435 1393 534 1420 autem
553 1389 720 1429 permultae
733 1392 833 1420 variae
850 1391 1010 1427 lectiones,
1035 1392 1146 1431 quibus
1165 1391 1240 1421 baec
1253 1391 1310 1422 Ed.
1326 1393 1363 1422 ab
1383 1391 1441 1422 Ed.
1458 1396 1485 1424 1.
1497 1393 1571 1423 Mel.
1585 1392 1694 1428 (Effert,
1708 1396 1793 1422 ortae
1806 1395 1878 1421 sunt
1890 1401 1928 1421 ex
1942 1391 2055 1421 incuria
2067 1395 2099 1422 et

297 1435 418 1464 inscitia
430 1434 565 1468 editoris,
590 1435 641 1473 qui
660 1433 772 1465 latinae
791 1435 911 1474 linguae
931 1436 1051 1474 ignarus
1066 1435 1164 1465 fnisse
1182 1436 1310 1471 videtur,
1334 1440 1365 1466 et
1378 1435 1519 1466 fortassis
1532 1437 1621 1466 etiam
1635 1434 1752 1466 Codice
1771 1445 1829 1465 non
1851 1436 1927 1465 satis
1939 1435 2101 1474 perspicuo

295 1488 373 1508 usus
395 1481 454 1507 est.
498 1477 659 1507 Eiusmodi
683 1482 779 1508 errata
801 1483 887 1508 sunt:
910 1477 1031 1508 Deinde
1050 1483 1081 1508 et
1104 1479 1142 1508 de
1165 1479 1424 1518 dispositionibus
1443 1480 1514 1519 (Ed.
1531 1483 1559 1511 1.
1582 1479 1656 1509 Mel..
1680 1479 1732 1510 sol.
1749 1479 1814 1509 A3⁵
1835 1477 1888 1508 lin.
1906 1479 1954 1507 12.
1980 1476 2101 1507 Deinde

296 1525 327 1551 et
350 1521 388 1551 de
412 1520 681 1559 dissensionibus),
707 1522 832 1552 Elector
855 1526 887 1552 et
909 1522 1063 1561 Princeps
1086 1522 1157 1561 (Ed.
1176 1526 1199 1554 1.
1219 1522 1293 1554 Mel.
1320 1523 1393 1553 ibid.
1416 1522 1466 1553 lin.
1483 1524 1531 1553 12.
1554 1522 1679 1553 Elector
1702 1526 1733 1553 et
1754 1521 1947 1561 Principes),
1971 1519 2102 1551 Comitia

294 1566 437 1594 reuocati
454 1564 524 1603 (Ed.
542 1568 568 1594 1.
592 1565 666 1595 Mel.
690 1566 762 1595 ibid.
786 1566 837 1595 lin.
858 1568 907 1595 27.
928 1564 1060 1595 Comitia
1082 1567 1230 1604 euocati),
1255 1567 1345 1596 etiam
1366 1565 1415 1595 liis
1427 1567 1586 1606 Augustae
1609 1565 1680 1605 (Ed.
1702 1570 1730 1596 1.
1753 1565 1827 1595 Mel.
1852 1564 1982 1595 f01.A3¹>
2005 1563 2056 1594 lin.
2071 1566 2099 1594 3.

296 1609 386 1638 etiam
407 1607 460 1637 hic
481 1609 667 1647 Augustae).
713 1608 875 1639 Praeterea
893 1610 1061 1648 scripturae
1085 1610 1295 1649 compendium
1321 1618 1370 1646 .n.‚
1394 1610 1476 1648 quod
1499 1611 1577 1639 enim
1600 1609 1761 1651 significat,
1784 1607 1865 1638 male
1888 1609 2101 1647 interpretatus

296 1656 361 1682 est:
383 1661 472 1688 namg
492 1656 673 1691 quapropter
694 1662 800 1691 saepe.
823 1653 874 1681 ubi
894 1652 967 1681 illud
993 1653 1021 1681 in
1035 1651 1151 1684 Codice
1175 1654 1331 1688 invenerit,
1351 1652 1445 1683 edidit
1461 1663 1541 1688 nam,
1565 1663 1593 1685 e.
1613 1663 1639 1682 c.
1665 1656 1768 1682 extant
1786 1661 1865 1692 nam,
1886 1661 2009 1691 semper
2031 1660 2101 1680 nam

296 1706 363 1736 pro:
383 1699 498 1726 extant:
521 1696 610 1729 enim,
629 1705 750 1734 semper
770 1696 935 1733 rnin1.***)

246 1764 296 1795 Ob
319 1765 417 1795 varias
439 1764 588 1794 lectiones
612 1766 719 1804 prioris
738 1766 859 1803 generis
879 1766 991 1800 editor,
1022 1769 1230 1805 praeterquam
1255 1765 1336 1804 quod
1357 1765 1482 1795 vetitum
1505 1764 1697 1805 Imperatoris
1726 1775 1783 1794 non
1807 1764 1948 1798 servavit,
1973 1772 2039 1792 eam
2063 1763 2102 1793 ob

91 1817 213 1838 musam
231 1808 410 1848 reprehendi
433 1812 551 1847 potest,
575 1809 656 1847 quod
678 1807 792 1838 Codice
816 1819 892 1838 usus
918 1813 980 1843 est,
1022 1809 1062 1847 lui
1083 1809 1215 1846 formam
1233 1808 1319 1838 lzaud
1337 1809 1490 1847 inleyram
1513 1806 1727 1838 Confessionis
1752 1808 1941 1841 continebat;
1965 1806 2004 1835 ob
2027 1805 2101 1836 alte-

90 1852 154 1881 rius
172 1861 243 1881 vero
266 1852 387 1891 generis
411 1854 507 1880 errata
530 1861 566 1880 ex
591 1853 755 1890 ignorantia
775 1856 804 1881 et
828 1852 1009 1890 negligentia
1036 1852 1160 1881 editoris
1180 1855 1243 1881 orta
1267 1851 1342 1881 haec
1354 1850 1411 1881 Ed,
1429 1851 1657 1882 aMelanthone
1679 1851 1698 1881 l.
1717 1851 1739 1882 l.
1758 1855 1839 1880 recte
1862 1849 2030 1890 appellatur
2049 1849 2100 1878 de·

85 1898 233 1934 pravatu-
259 1912 300 1918 —
321 1893 406 1925 Haec
428 1893 531 1924 Editio
564 1894 638 1924 infra
667 1895 849 1933 signabitur:
870 1895 930 1925 Ed.
952 1899 1015 1924 (1111.

659 2001 772 2032 Editio
789 2004 938 2042 princeps
955 2003 1011 2032 Me
1017 2002 1031 2031 l
1035 2013 1079 2031 (ιη
1090 2002 1128 2031 th
1137 2013 1155 2032 ο
1164 2012 1181 2030 71
1189 2004 1222 2031 is
1245 2004 1319 2032 anni
1340 2005 1557 2035 1530—1531.

246 2083 413 2123 Postquam
437 2083 490 2113 illa
511 2083 614 2114 Editio
639 2085 844 2124 ignorantibus
874 2084 1067 2124 Principibus
1090 2085 1258 2124 prodierat,
1293 2084 1469 2114 Melanthon
1494 2085 1579 2124 ipse,
1612 2082 1756 2114 Electore
1786 2083 1910 2112 conscio
1932 2081 1982 2111 vel
2010 2083 2100 2111 etiam

92 2128 226 2162 iubente,
249 2126 485 2157 consessionem
508 2128 602 2167 probe
622 2133 653 2157 et
677 2129 835 2167 diligenter
857 2129 1038 2167 descriptam
1055 2128 1157 2162 edidit,
1181 2138 1219 2157 ne
1231 2128 1358 2158 mendae
1378 2128 1460 2157 illius
1478 2127 1632 2157 Editionis
1652 2136 1747 2156 novas
1765 2129 1904 2166 parerent
1922 2124 2099 2160 calumnias,

92 2171 124 2201 id
145 2171 227 2211 quod
250 2172 278 2200 in
303 2170 486 2210 praefatione
511 2171 601 2200 huius
620 2171 773 2201 Editionis
798 2173 931 2210 proxime
956 2176 1024 2210 post
1048 2172 1139 2200 verba
1163 2182 1255 2211 supra
1273 2171 1364 2201 allata
1386 2172 1432 2200 sic
1461 2171 1566 2200 refert:
1604 2168 1701 2200 „Cum
1726 2174 1826 2199 autem
1850 2169 2019 2208 principes,
2043 2178 2100 2197 nec

91 2215 119 2244 si
131 2213 234 2249 velint,
259 2218 371 2253 queant
393 2224 458 2243 eam
482 2224 560 2244 nunc
583 2215 753 2244 emauibns
778 2215 929 2244 hominum
950 2219 1139 2253 extorquere,
1163 2219 1193 2244 et
1216 2219 1314 2244 tamen
1340 2214 1506 2254 periculum
1530 2215 1580 2248 sit,
1600 2224 1638 2243 ne
1661 2213 1789 2242 mendae
1808 2212 1890 2247 illae,
1913 2213 2026 2251 primae
2039 2211 2099 2241 edi-

91 2258 184 2288 tionis
206 2258 319 2297 pariant
343 2266 437 2286 novas
461 2256 638 2288 calumnias.
662 2268 795 2287 necesse
815 2259 869 2287 fuit
892 2259 1075 2295 recognitam
1100 2262 1130 2287 et
1149 2258 1335 2287 emendatam
1360 2258 1458 2287 ‹lenno
1483 2257 1586 2295 edere,
1607 2257 1677 2296 quia
1695 2267 1753 2285 non
1772 2255 1871 2285 solum
1892 2255 1930 2284 ad
1949 2255 2098 2284 existima-

91 2301 204 2331 tionem
223 2301 399 2340 principum,
422 2300 478 2329 sed
503 2301 592 2330 etiam
616 2301 654 2330 ad
677 2301 854 2340 religionem
876 2303 1012 2340 pertinet,
1032 2305 1197 2340 praestare,
1221 2312 1259 2330 ne
1283 2302 1415 2340 ipsorum
1439 2300 1535 2330 titulis
1555 2303 1735 2340 spargantur
1758 2300 1786 2328 in
1811 2298 1920 2338 vulgus
1939 2297 2030 2327 huius
2049 2307 2099 2337 ge-

92 2345 174 2374 neris
196 2344 343 2373 mendosa
366 2343 489 2382 scripta.
533 2343 633 2379 Quare
653 2355 731 2374 nunc
755 2346 919 2374 emittimus
942 2345 1036 2384 probe
1060 2349 1090 2373 et
1114 2344 1273 2381 diligenter
1292 2344 1474 2383 descriptam
1499 2343 1735 2377 confessionem,
1760 2352 1797 2372 ex
1817 2341 1978 2381 exemplari
2002 2341 2100 2370 bonae

93 2387 172 2418 fidei.
216 2387 399 2417 Addidimus
443 2390 473 2415 et
506 2387 698 2427 Apologiam,
735 2399 812 2427 quae
836 2389 923 2417 etiam
948 2387 1040 2417 Caes.
1065 2387 1220 2417 maiestati
1244 2387 1346 2417 oblata
1369 2391 1426 2418 est.
1470 2386 1660 2416 Verebamur
1688 2387 1766 2415 enim
1796 2385 1944 2420 futurum,
1967 2388 2000 2414 ut
2029 2383 2101 2413 alibi

93 2430 232 2460 ederetur
254 2440 313 2459 non
337 2429 488 2464 foelicius,
512 2440 600 2469 quam
624 2430 705 2461 edita
724 2436 772 2461 est
791 2431 957 2460 confessio.
973 2447 984 2453 -—

207 2541 232 2573 ⁰>
249 2543 367 2568 Dubitant
387 2542 432 2567 viri
451 2542 525 2568 docti.
543 2544 628 2568 utrum
649 2544 713 2569 haee
731 2544 898 2569 Melanthonis
918 2543 995 2568 verba
1015 2543 1046 2567 ad
1066 2543 1206 2568 sditionem
1226 2543 1394 2574 antiquiorem
1413 2543 1508 2568 latinae
1527 2542 1702 2567 consessionis
1721 2543 1847 2574 spectent,
1870 2547 1903 2567 an
1921 2540 1955 2566 ad
1973 2540 2100 2566 Editiones

247 2578 411 2608 germanicae
430 2576 511 2606 Cous„
529 2583 593 2607 quae
612 2585 636 2602 a.
654 2579 727 2604 1530.
747 2579 904 2611 prodierunt,
923 2585 955 2602 nn
974 2577 1005 2602 ad
1023 2578 1154 2609 utriusque
1165 2577 1340 2603 Confessionis
1352 2578 1479 2604 Editiones
1499 2577 1665 2608 antiquiores,
1683 2575 1739 2601 vide
1750 2575 1916 2601 weberum
1936 2575 2021 2601 1.1.11.
2042 2577 2098 2606 μθ.

185 2619 230 2651 ··)
250 2619 322 2645 conf.
341 2620 454 2645 Weber
472 2621 489 2644 Ι.
509 2620 525 2644 1.
543 2621 563 2645 Ι.
582 2627 605 2651 p.
623 2622 683 2646 407.
701 2625 727 2646 et
745 2628 768 2652 p.
787 2623 815 2646 91
840 2627 894 2652 sqq.

170 2662 230 2695 ⁸⁸⁸)
250 2663 317 2688 ilaec
337 2663 480 2688 afferuntur
498 2669 513 2688 a
532 2664 664 2688 Webero
684 2664 700 2688 1.
722 2665 738 2689 Ι.
759 2665 777 2689 i.
799 2671 822 2695 p.
836 2666 894 2689 406.
