2324 2944
127 173 154 207 9
790 168 816 201 Ι.
860 169 902 202 Δ.
933 167 1142 202 ARTICULl
1163 169 1467 202 VlslTATloNtS.
2103 172 2143 204 10

676 307 946 350 ARTICULI
978 309 1052 350 DE
1085 308 1289 360 QUIBUS
1322 309 1583 351 EGERUNT

767 392 827 425 per
849 382 1050 416 Visitatores
1072 384 1106 415 in
1127 385 1265 427 regione
1288 383 1466 416 Saxoniae.
1483 386 1510 422 6)

217 472 375 504 Pastore—„s
403 471 522 502 debent
551 467 736 510 exemplum
760 467 885 500 Christi
908 470 1019 511 sequi,
1049 470 1105 511 qui

129 517 283 560 quoniam
313 513 545 557 poenitentiam
570 517 604 544 et
629 512 858 543 remisstonem
892 518 1106 552 peccatorum

129 560 252 595 docuit,
266 560 293 595 ⁷)
328 558 450 589 debent
471 562 502 588 et
524 556 589 586 ista
611 561 766 596 pastores
791 555 924 586 tradere
935 557 966 592 8)
997 554 1106 587 eecle-

129 603 198 635 siis.
233 601 330 632 Nunc
353 598 492 641 vulgare
515 604 568 629 est
589 597 776 630 vociferare
789 600 816 631 ⁹)
841 599 883 629 (le
905 597 979 635 fide,
1004 604 1036 629 et
1059 604 1105 629 ta·

127 655 202 677 men
225 642 365 685 intelligi
388 642 465 684 quid
487 642 531 672 sit
549 641 651 680 fides,
674 651 742 672 non
765 648 894 682 potest,
926 642 991 672 nisi
1013 652 1106 682 prae-

129 688 236 730 ditha
267 685 479 728 poenitentia.
533 683 636 716 Plane
665 685 777 716 vinum
810 695 932 715 novum
960 685 993 715 in
1015 690 1106 716 utres

127 736 259 762 veteres
283 727 475 765 infundunt,
500 727 554 770 qui
578 727 676 758 fidem
699 728 773 759 sine
797 728 1012 768 poenitentia,
1034 728 1106 758 sine

127 773 279 805 doctrina
301 772 429 803 timoris
441 770 516 808 Dei,
540 771 612 802 sine
624 771 775 802 doctrina
799 770 883 812 legis
901 770 1105 811 praedicant,

127 822 160 848 et
193 815 235 847 ad
258 813 423 846 carnalem
455 814 619 855 quandam
642 814 854 845 securitatem
878 812 1107 845 adsuefaciunt

126 857 258 900 vulgus.
304 857 352 889 Ea
370 860 411 896 1))
433 858 598 889 securitas
622 864 674 889 est
696 857 850 895 deterior,
876 867 972 898 quam
992 866 1107 887 omnes

125 911 259 934 errores
283 907 381 932 antea
404 901 467 932 sub
491 911 577 942 papa
600 898 741 932 fuerunt.
787 900 860 931 Hoc
890 909 998 943 genus
1021 898 1107 931 Con-

126 945 329 976 cionatorum
342 944 499 975 describit
513 944 693 975 Hieremias
716 949 749 975 et
772 944 933 985 vituperat
957 953 1029 981 eOS,
1052 943 1107 984 qui

125 989 236 1020 dicant
255 989 312 1021 ¹¹):
358 987 441 1025 Pax,
464 997 545 1028 pax,
565 992 597 1017 et
621 997 688 1017 non
712 993 763 1017 est
786 997 862 1028 pax.
916 987 1021 1021 Quam
1035 995 1107 1027 gra-

125 1032 209 1062 viter
249 1030 392 1062 minatur
427 1030 739 1067 concionatoribus,
780 1030 870 1070 apud
904 1028 1028 1059 Ezech.
1063 1028 1106 1065 3.,

123 1073 288 1106 Dominus
319 1073 653 1114 praetermittentibus
685 1072 773 1103 hanc
797 1071 948 1112 purtem?
992 1071 1029 1101 Si
1064 1071 1107 1102 di-

125 1123 222 1148 cente
245 1126 298 1157 me
320 1116 363 1147 ad
387 1117 535 1156 impium,
564 1120 670 1146 morte
693 1115 856 1151 morieris,
891 1123 961 1144 non
983 1115 1106 1145 adnun-

125 1159 262 1191 tiaveris
285 1159 335 1196 ei,
359 1158 556 1199 sanguinem
579 1158 650 1189 eius
673 1158 715 1188 de
737 1167 836 1188 manu
859 1162 916 1187 tua
927 1157 1104 1199 requiram.

124 1201 238 1243 ltaque
273 1199 397 1231 Paulus
431 1201 492 1238 ait,
529 1200 728 1241 scripturam
762 1200 919 1231 divinitus
952 1200 1106 1231 traditam

123 1254 201 1277 esse
225 1244 267 1275 ad
291 1243 506 1285 arguendam,
529 1243 773 1285 corripiendam
792 1244 832 1282 12)
856 1249 918 1275 etc.
953 1243 999 1274 At
1017 1253 1106 1274 nune

123 1288 193 1326 isti,
228 1286 282 1328 qui
305 1287 540 1328 poenitentiam
569 1285 744 1328 negligunt
772 1287 914 1324 docere,
943 1297 1041 1318 unam
1065 1287 1106 1318 de

121 1328 412 1374 principalioribus
435 1330 585 1371 partibus
607 1328 794 1372 Evangelio
819 1329 1007 1362 detrahunt.

208 1373 416 1405 Poenitentia
438 1383 520 1404 vero
551 1373 600 1405 sic
624 1373 775 1405 docenda
806 1379 878 1411 est,
911 1379 948 1405 ut
970 1372 1105 1405 horten-

122 1424 176 1450 tur
193 1418 234 1455 13)
257 1416 427 1448 auditores
451 1417 494 1448 ad
517 1416 767 1456 contritionem,
791 1426 878 1459 quae
902 1423 955 1448 est
976 1417 1105 1458 praeci-

122 1471 188 1503 pua
216 1470 296 1501 pars
319 1460 558 1500 poenitentiae,
584 1465 617 1491 et
647 1465 700 1491 est
729 1460 762 1491 in
786 1460 962 1501 scripturis
985 1465 1105 1492 vocata

122 1504 340 1536 mortificatio.
398 1502 452 1535 De
480 1503 544 1535 hac
573 1501 743 1542 Ezechiel,
773 1503 870 1535 dicit:
917 1513 990 1535 eum
1014 1504 1105 1545 inge-

121 1547 241 1579 muerit
258 1554 417 1588 peccator
435 1554 497 1578 etc.
516 1553 549 1578 et
561 1545 668 1578 lohel:
692 1547 841 1579 Scindite
865 1547 968 1579 corda
980 1554 1106 1585 vestra,

122 1597 156 1623 et
173 1590 312 1622 lesaias:
344 1589 408 1623 Ubi
431 1589 591 1622 habitabit
614 1589 801 1622 Dominus?
846 1589 882 1621 In
905 1590 1025 1632 spiritu
1048 1589 1103 1622 hu-

122 1631 258 1665 miliato.

209 1675 412 1718 Aliquando-
429 1683 534 1709 totum
565 1675 764 1718 decalogum
793 1682 951 1708 enarrent
979 1677 1106 1715 ordine,

125 1719 202 1760 quia
231 1719 436 1760 praedicatio
470 1718 555 1761 legis
589 1720 631 1750 ad
662 1720 897 1760 poenitentiam
930 1726 1106 1760 provocat,

123 1760 312 1802 Aliquando
336 1769 464 1794 certum
486 1761 620 1804 aliquod
643 1762 759 1793 vitium
781 1763 971 1804 vituperent
992 1769 1027 1794 et
1050 1774 1106 1795 co-

124 1804 218 1845 piose
242 1803 425 1844 declarent,
448 1815 546 1846 quam
570 1806 717 1847 graviter
741 1804 927 1837 ostendatur
950 1804 1044 1838 Deus
1073 1813 1106 1838 et

123 1857 207 1889 quas
241 1857 369 1887 poenas
404 1849 555 1880 minetur.
600 1848 676 1880 Non
710 1849 796 1879 enim
825 1849 907 1880 satis
938 1855 990 1880 est
1012 1850 1106 1890 prae-

123 1897 221 1932 cepta
254 1900 430 1930 enarrare,
460 1891 520 1922 sed
550 1891 646 1922 etiam
681 1901 808 1932 poenas
837 1898 1107 1930 commemorent,

122 1943 207 1975 quas
231 1932 325 1965 Deus
356 1934 497 1966 minatur
520 1936 767 1975 peccatoribus·
822 1934 893 1966 Nec
916 1941 1041 1966 tantum
1064 1936 1106 1966 de

122 1976 268 2008 aeternis
287 1978 423 2017 poenis,
445 1978 504 2009 sed
529 1978 626 2009 etiam
649 1977 692 2009 de
713 1978 900 2019 praesentis
923 1979 1011 2009 vitae
1029 1988 1106 2020 poe-

121 2020 174 2051 nis
197 2019 358 2059 doceant,
380 2021 458 2063 quia
482 2020 647 2052 Dominus
676 2031 743 2052 non
769 2027 894 2052 tantum
917 2027 994 2062 post
1019 2022 1106 2053 hanc

122 2063 242 2101 vitam,
275 2063 336 2094 sed
358 2063 462 2096 multa
485 2064 582 2096 etiam
605 2064 637 2095 in
667 2063 731 2095 hae
753 2065 821 2096 vita
843 2065 936 2105 punit
966 2063 1106 2107 exempli

123 2115 264 2144 caussa,
295 2112 333 2138 ut
361 2106 446 2139 alios
476 2107 519 2139 ad
548 2108 785 2150 poenitentiam
809 2107 936 2139 invitet.
981 2108 1104 2140 Genes.

122 2147 240 2180 xvlll.
263 2149 309 2180 ait
328 2149 491 2194 Angelus,
514 2161 551 2182 se
575 2149 776 2193 supplicium
789 2150 1010 2183 Sodomorum
1029 2151 1104 2184 ideo

138 2289 169 2321 G)
187 2289 301 2313 Articuli
319 2302 352 2307 -
369 2289 524 2321 Samiae-J
542 2288 604 2314 llaec
620 2289 750 2322 ιἠκνίρτόο
769 2291 796 2314 in
814 2290 864 2315 Ed.
885 2290 909 2315 2.
930 2290 1003 2315 deese.

141 2340 170 2372 ⁵1)
191 2340 291 2374 docuit]
312 2341 361 2366 Ed.
380 2341 405 2365 2.
424 2341 501 2365 docet

139 2392 169 2424 ⁸)
188 2396 215 2416 et
232 2393 283 2416 ist·
300 2397 418 2424 pastores
436 2393 551 2425 tradere]
570 2393 618 2417 Ed.
638 2393 662 2417 2.
681 2392 772 2418 eodem
792 2397 818 2417 et
836 2393 886 2425 ipsi
905 2393 1006 2418 tradere

139 2443 170 2476 9)
188 2444 342 2477 vociferare]
361 2445 410 2468 Ed.
430 2445 454 2469 2.
474 2445 613 2470 vociferari

122 2495 168 2527 10)
186 2495 237 2528 Ea]
257 2495 306 2520 Ed.
325 2497 350 2520 2.
370 2496 404 2520 Et

121 2546 169 2579 11)
187 2547 288 2579 dicant]
305 2547 354 2572 Ed.
375 2548 399 2572 2.
420 2548 511 2572 dieunt

122 2598 168 2630 12)
186 2599 361 2630 arguendam,
380 2599 583 2633 corripiendus]
601 2599 650 2625 Ed.
670 2601 695 2626 ².
714 2602 891 2633 nuendum,
911 2601 1102 2633 corripiendum

121 2650 169 2683 13)
186 2649 335 2683 hortentur]
352 2649 402 2675 nd.
422 2651 446 2676 2.
467 2652 577 2676 indta}

1158 469 1317 502 Abrahae
1338 469 1460 508 dicere,
1477 471 1518 507 ¹⁴)
1541 470 1629 511 quod
1651 471 1750 508 sciat,
1775 481 1850 502 eum
1869 472 1939 503 eius
1953 472 2002 503 rei
2021 482 2142 504 memo-

1158 514 1239 545 riam
1261 513 1532 545 transmissurum
1555 523 1631 545 esse
1649 514 1691 545 ad
1709 519 1880 554 posteros,
1903 521 1939 546 ut
1952 516 2142 547 custodiant

1158 557 1244 588 viam
1266 555 1410 593 Dom'ini,
1440 555 1483 587 Et
1504 555 1602 588 Mose
1630 557 1791 598 praecipit
1820 555 1944 599 populo
1974 557 2078 589 lsrael
2101 559 2144 590 de

1158 600 1355 641 Interempto
1378 599 1570 638 Pharaone,
1595 600 1702 641 deque
1725 599 1817 640 aliis,
1842 611 1927 642 quae
1950 601 2142 633 acciderant

1158 644 1191 674 in
1214 643 1302 675 exitu
1324 643 1365 673 de
1377 642 1551 684 Aegypto:
1575 642 1716 674 Narrate
1741 654 1781 675 ea
1806 642 1882 674 filiis
1901 645 2033 675 vestris,
2056 644 2141 676 Nam

1158 686 1242 718 haec
1272 686 1381 717 onmia
1412 696 1479 716 non
1501 692 1639 727 propter
1661 687 1769 727 ipsos,
1792 692 1827 718 ut
1850 685 1977 718 Paulus
2000 688 2058 726 ait,
2079 688 2141 719 sed

1157 735 1294 771 propter
1311 739 1374 761 nos
1398 729 1523 770 scripta
1545 734 1635 767 sunt,
1658 735 1692 760 ut
1717 730 1886 761 discamus
1904 730 2052 762 timorem
2064 730 2141 769 Dei,

1158 772 1220 804 Est
1238 778 1348 804 autem
1370 772 1467 803 timor
1488 771 1622 804 Domini
1645 773 1768 804 initium
1793 773 1977 814 sapientiae
2001 780 2065 805 etc.

1223 815 1317 847 Facit
1340 815 1438 846 etiam
1469 815 1511 846 ad
1541 815 1727 848 docendum
1758 826 1938 857 exponere,
1956 818 1996 854 ¹⁵¹)
2032 815 2141 858 qualis

1160 865 1266 889 status
1290 858 1333 889 sit
1355 857 1516 897 huminis,
1551 869 1572 890 a
1594 858 1669 890 Deo
1692 869 1760 890 non
1785 860 1972 902 gubernati,
1990 862 2030 897 16)
2065 860 2142 901 quia

1159 902 1244 933 enim
1263 904 1302 934 Π)
1326 902 1359 932 in
1382 907 1547 942 potestate
1571 901 1692 933 diaboli
1713 908 1776 938 est,
1799 901 1978 944 impellitur
1989 903 2031 934 ad
2045 912 2142 934 omne

1159 955 1265 986 genus
1285 946 1325 981 ¹³)
1348 944 1484 987 flagitia.
1529 945 1653 976 Annon
1676 946 1847 984 videmus,
1882 956 1966 987 quas
2002 946 2141 977 occisio—

1158 997 1230 1025 nes,
1254 987 1388 1025 caedes,
1413 994 1445 1018 et
1467 986 1609 1019 aliorum
1631 987 1798 1020 scelerum
1823 987 1933 1021 multis
1956 988 2084 1027 afferat,
2106 995 2143 1020 ut

1158 1040 1218 1061 ees
1241 1040 1381 1071 prorsus
1404 1030 1549 1070 perdat?
1567 1033 1606 1067 19)
1651 1031 1767 1073 Neque
1791 1031 1869 1063 ullis
1893 1033 2005 1063 verbis
2035 1030 2142 1073 expli-

1159 1072 1228 1104 cari
1251 1078 1375 1114 potest,
1398 1080 1522 1114 quanta
1534 1072 1620 1105 mala
1638 1075 1847 1115 impendeant
1859 1074 1924 1113 his,
1947 1085 2032 1117 quos
2046 1075 2141 1106 Deus

1158 1125 1224 1146 non
1258 1116 1357 1157 tegit,
1390 1122 1448 1147 aut
1482 1115 1627 1147 defendit
1660 1117 1824 1149 adversus
1856 1125 2018 1149 satanam.
2065 1117 2139 1153 Quo

1157 1159 1222 1189 ruit
1255 1157 1394 1197 Saulus,
1435 1169 1501 1200 quo
1535 1158 1683 1201 prolapsi
1717 1168 1795 1192 sunt
1829 1160 1932 1200 Kaiu,
1973 1159 2138 1199 Absalon,

1157 1200 1289 1241 Achab,
1312 1208 1344 1233 et
1367 1201 1492 1233 similes
1515 1202 1612 1243 impii,
1636 1203 1712 1244 quia
1727 1203 1820 1235 Deus
1845 1214 1904 1236 eos
1930 1214 1998 1235 non
2017 1205 2137 1246 guber·

1157 1246 1278 1284 nabat,
1310 1245 1371 1276 sed
1394 1245 1575 1277 tradiderat
1603 1247 1635 1277 in
1660 1246 1859 1278 desiderium
1888 1247 2037 1279 cordium
2060 1257 2136 1279 suo-

1156 1298 1239 1319 rum.
1284 1288 1380 1320 Rom.
1402 1288 1431 1318 l.
1445 1289 1490 1318 ²²⁰}

1242 1331 1335 1363 Haec
1363 1330 1513 1373 exempla
1541 1339 1618 1363 sunt
1641 1334 1837 1374 exponenda
1860 1332 2072 1371 multitudini,
2102 1340 2138 1365 ut

1156 1374 1334 1406 invitentur
1357 1375 1398 1406 ad
1422 1375 1656 1415 poenitentiam
1680 1382 1711 1407 et
1730 1377 1771 1407 ad
1791 1377 1967 1417 petendum
1981 1374 2138 1408 auxilium

1156 1428 1176 1448 a
1198 1417 1291 1456 Deo,
1327 1424 1360 1449 et
1389 1418 1530 1450 docendi
1561 1426 1650 1456 sunt,
1679 1420 1712 1450 id
1757 1420 1822 1451 uod
1845 1419 1999 1451 Christus
2028 1419 2136 1452 docet.

1156 1460 1249 1492 Haec
1271 1459 1440 1493 inculcare
1468 1460 1664 1493 multitudini
1688 1473 1740 1494 mu
1757 1469 1790 1494 to
1814 1463 1918 1494 satius
1943 1469 2009 1498 est,
2040 1473 2137 1505 quam

1156 1504 1332 1536 vociferari
1346 1506 1390 1542 21)
1414 1505 1456 1536 de
1478 1504 1662 1544 monacbis,
1687 1511 1719 1537 et
1742 1515 1802 1537 esu
1826 1507 1972 1537 carnium
1996 1513 2027 1537 et
2050 1506 2135 1537 simi-

1156 1546 1244 1579 libus
1276 1549 1390 1586 rebus,
1423 1558 1506 1590 quas
1540 1547 1661 1590 vulgus
1695 1549 1750 1580 vix
1785 1559 1930 1591 unquam
1963 1554 2056 1581 recte
2089 1549 2135 1582 iu-

1157 1590 1288 1633 telligit.

1244 1633 1399 1665 Secunda
1421 1643 1500 1675 pars
1523 1634 1693 1666 doctrinae
1717 1641 1768 1666 est
1793 1636 1945 1667 doctrina
1967 1635 2134 1667 remissio-

1157 1678 1209 1708 nis
1232 1682 1446 1719 peccatorum
1469 1687 1530 1709 seu
1552 1678 1704 1709 doctrina
1728 1678 1814 1709 fidei.
1829 1680 1873 1711 ²¹²)
1920 1678 2013 1710 Haec
2041 1677 2134 1710 intel-

1156 1719 1215 1762 ligi
1237 1721 1282 1752 ita
1305 1720 1434 1751 demum
1454 1726 1576 1760 potest,
1598 1721 1627 1752 si
1645 1728 1722 1752 ante
1740 1721 1924 1759 doctrinam
1937 1722 2063 1753 timoris
2077 1731 2137 1753 seu

1156 1763 1380 1804 poenitentiae
1402 1764 1581 1802 audierint,
1610 1765 1689 1806 quia
1717 1763 1801 1796 fides
1830 1775 1897 1796 non
1920 1771 2034 1806 potest
2058 1775 2135 1796 con-

1157 1807 1240 1881 piipi,
1273 1806 1335 1838 nisi
1369 1807 1401 1838 in
1437 1808 1538 1838 eorde
1566 1807 1718 1839 contrito.
1776 1807 1833 1839 Sic
1860 1808 1962 1850 igitur
1992 1809 2134 1841 doceant

1181 1851 1267 1881 dem.

1363 1918 1538 1950 PRIMUM
1563 1918 1671 1955 QUtD
1695 1919 1762 1952 SlT
1785 1918 1925 1952 FlDES.

1243 1979 1305 2011 Est
1337 1985 1447 2011 autem
1475 1979 1578 2019 fides,
1613 1980 1760 2019 eredere,
1799 1980 1888 2022 quod
1921 1978 2016 2011 Deus
2039 1981 2136 2012 nobis

1158 2023 1325 2055 condonat
1346 2029 1487 2065 peccata
1508 2029 1645 2065 propter
1674 2022 1865 2062 Christum,
1898 2029 1931 2055 et
1959 2024 2034 2065 quia
2058 2033 2137 2056 con·

1158 2136 1204 2165 14)
1225 2136 1330 2168 ὤσει-ιη]
1351 2136 1401 2160 Ed.
1422 2137 1446 2160 2.
1466 2136 1626 2169 praedicere,

1159 2187 1203 2218 1'0)
1222 2187 1295 2211 Facit
1314 2189 1391 2212 etiam
1410 2188 1444 2213 ad
1463 2189 1608 2213 docendum
1627 2189 1778 2220 exponere,]
1810 2189 1858 2213 Ed.
1880 2189 1903 2213 2.
1923 2188 2034 2213 Prodest
2051 2192 2077 2211 et
2095 2187 2135 2212 hic

1226 2229 1356 2254 exponere

1157 2274 1201 2306 16)
1220 2282 1236 2298 a
1253 2274 1311 2298 Deo
1330 2282 1383 2299 nou
1402 2275 1558 2307 gubemati‚1
1577 2275 1626 2299 Ed.
1646 2276 1669 2299 2.
1690 2276 1733 2306 qui
1752 2282 1806 2299 nou
1834 2275 1994 2306 gubernatur
2012 2281 2029 2298 a
2045 2274 2113 2303 Deo,

1157 2326 1201 2358 1Ἰ)
1221 2326 1301 2357 enim]
1318 2326 1368 2350 Ed.
1388 2327 1412 2350 2.
1433 2335 1491 2351 cum

1156 2377 1201 2409 18)
1221 2385 1298 2402 omne
1315 2378 1408 2411 genus}
1428 2378 1478 2403 Ed.
1500 2379 1523 2404 2.
1543 2379 1626 2403 omnis
1645 2379 1746 2409 generis

1155 2429 1201 2461 19)
1220 2430 1316 2454 Annon
1335 2430 1457 2459 videmus,
1475 2437 1538 2461 quas
1558 2443 1589 2448 -
1608 2430 1727 2461 perdat?]
1746 2430 1771 2452 in
1790 2428 1839 2453 Ed.
1859 2429 1884 2452 2.
1904 2428 1998 2454 denunt.

1155 2481 1202 2513 20)
1220 2480 1295 2505 Rom.
1316 2481 1352 2512 1.]
1374 2482 1401 2505 in
1418 2481 1468 2506 Ed.
1489 2482 1514 2505 2.
1538 2481 1628 2506 addita
1649 2486 1704 2505 cunt
1723 2480 1798 2505 baec:
1821 2480 1861 2504 Ita
1889 2481 2006 2511 quotidie
2027 2480 2137 2512 impellit

1224 2516 1344 2540 diabolus
1363 2516 1480 2540 desertos
1499 2524 1515 2540 a
1532 2516 1589 2540 Deo
1613 2517 1647 2540 ad
1671 2516 1777 2540 caedem
1802 2515 1949 2539 faciendam
1977 2520 2002 2539 et
2025 2515 2059 2539 ad
2083 2515 2135 2539 alia

1223 2550 1350 2580 facinora,
1369 2555 1397 2574 ut
1414 2558 1460 2583 per
1478 2558 1521 2574 eas
1540 2551 1694 2575 occasiones
1714 2550 1807 2582 perdat
1826 2551 1892 2574 illos.

1154 2602 1201 2634 21)
1220 2610 1297 2635 quam
1315 2602 1464 2635 vociferari]
1484 2602 1533 2629 Ed.
1551 2603 1575 2626 2.
1596 2610 1671 2634 quam
1689 2602 1807 2634 quotidie
1828 2601 1964 2626 vociferari

1154 2653 1200 2686 22)
1219 2661 1264 2678 se·
1283 2654 1403 2679 doctrina
1420 2654 1492 2686 fidei]
1513 2654 1563 2679 Ed.
1583 2655 1607 2679 2.
1627 2661 1673 2679 oen
1691 2654 1750 2679 fidei
