2324 2944
245 173 311 206 367

245 271 288 303 Et
312 270 394 302 fides
419 270 471 301 hie
496 279 561 300 non
586 274 710 300 tantum
736 270 894 300 historiae
923 270 1078 301 noticiam
1107 269 1230 311 signifi-

246 321 312 352 cat,
345 314 405 344 sed
434 313 600 354 significat
631 313 768 344 credere
801 313 1012 353 promissioni
1045 313 1230 343 inisericor-

246 359 320 389 diae
343 367 428 399 quae
451 357 547 387 nobis
572 362 710 397 propter
735 357 946 387 mediatorem
961 354 1127 386 Flu-istum
1150 365 1229 385 con-

246 402 353 443 tingit.
388 400 428 431 Et
454 411 527 431 curn
550 399 615 430 hoc
638 400 736 429 modo
761 400 842 429 tides
867 396 1059 438 inteiligitur
1083 398 1123 428 de
1148 398 1229 429 lidu-

247 445 299 476 cia
322 444 581 480 misericordiae,
605 453 669 473 non
695 442 894 472 dissentiunt
917 441 1002 471 inter
1025 450 1063 471 se
1087 440 1228 473 lacobus

245 494 278 518 et
307 486 444 518 Paulus.
491 486 588 521 Quod
620 486 704 515 enim
729 485 833 525 iuquit
859 483 1012 520 lacobus,
1038 482 1228 514 Daemones

245 531 386 562 credunt
409 536 441 561 et
465 529 743 565 contremiscunt,
767 525 921 567 intelligit
951 526 1048 557 tidem
1077 526 1119 557 tle
1147 527 1229 557 noti·

244 574 297 605 cia
318 572 491 609 historiae,
515 572 599 602 haec
623 580 688 601 non
712 570 884 603 iustificat,
908 569 1038 600 Norunt
1067 570 1151 601 enim
1182 569 1228 601 hi-

246 617 383 648 storiam
407 616 504 646 etiam
529 614 616 655 impij
641 623 681 643 ae
709 611 848 651 diaboli,
880 611 1004 644 Paulus
1029 622 1128 650 vero,
1154 624 1227 644 cum

246 660 368 702 inquit,
405 659 503 689 Fides
532 663 702 697 reputatur
731 656 773 687 ad
803 656 965 686 iusticiam
993 662 1056 686 etc.
1082 654 1228 697 loquitur

245 704 286 734 de
320 702 441 733 fidncia
475 699 722 731 misericordiae
754 700 942 739 promissae
976 704 1113 740 propter
1137 698 1227 730 Chri-

245 752 346 783 stum,
380 743 506 785 Estque
540 742 722 779 sententia,
758 741 918 773 Homines
947 742 1053 773 iustos
1082 752 1227 783 pronun-

244 789 342 826 ciari,
364 787 396 818 id
420 793 489 824 est,
513 785 733 822 reconciliari,
763 795 822 826 per
851 785 1129 824 misericordiam,
1161 795 1226 816 non

243 837 381 873 propter
405 829 597 871 dignitatem
621 829 800 869 propriam,
828 828 896 859 Sed
926 827 1013 859 hane
1043 828 1227 860 misericor-

243 875 329 906 diam
363 874 562 915 promissam
603 878 740 913 propter
773 870 958 909 Christum,
995 877 1129 912 oportet
1164 871 1228 902 fide

242 918 367 957 accipi,
403 918 467 947 lam
503 917 609 946 bonas
642 921 770 946 mentes
805 913 885 945 nihil
920 914 1066 946 offendet
1097 915 1228 946 nouitas

242 961 340 992 huius
364 957 522 991 Paulinae
547 958 686 1001 figurae,
705 958 786 989 Fide
808 957 1040 996 iustificannn·‚
1070 958 1105 989 Si
1137 956 1227 989 intel-

242 1003 347 1046 ligant
366 1003 498 1044 proprie
528 1002 569 1032 de
595 1002 824 1033 misericordia
854 1001 936 1039 diei,
967 1011 1106 1043 eamque
1138 1002 1227 1032 veris

243 1054 274 1077 et
303 1045 506 1087 necessarijs
534 1043 688 1076 laudibus
717 1045 839 1075 ornari.
885 1044 973 1080 Quid
1002 1050 1114 1085 potest
1142 1045 1226 1076 enim

243 1100 320 1122 esse
344 1089 470 1131 gratius
502 1088 735 1120 conscienciae
764 1086 909 1119 afflictae
938 1098 978 1118 ac
1006 1088 1165 1129 pauidae,
1196 1089 1226 1118 in

242 1133 332 1165 veris
356 1131 540 1170 doloribus,
565 1141 663 1172 quam
686 1132 812 1168 audire,
835 1131 900 1162 hoc
931 1141 1008 1162 esse
1037 1131 1227 1162 mandatum

241 1176 317 1215 Dei,
341 1177 428 1208 hanc
451 1185 528 1207 csse
551 1185 669 1206 vocem
699 1174 814 1215 sponsi
843 1173 984 1212 Christi,
1016 1181 1051 1206 vt
1082 1180 1229 1206 statuant

243 1226 336 1252 certo
366 1219 482 1250 donari
513 1218 741 1249 remissionem
771 1224 986 1258 peccatorum
1015 1227 1077 1249 seu
1111 1227 1227 1248 recon-

244 1262 463 1300 ciliationem,
493 1271 559 1293 non
586 1267 721 1302 propter
749 1268 897 1291 nostram
930 1261 1138 1301 dignitatem,
1168 1260 1227 1291 sed

243 1307 348 1349 gratis
371 1316 430 1348 per
454 1305 725 1341 misericordiam,
749 1310 886 1344 propter
909 1302 1090 1342 Christum,
1115 1309 1150 1335 vt.
1173 1304 1228 1334 be—

243 1351 398 1381 neficium
433 1350 476 1379 sit
510 1354 647 1380 certum.
694 1347 869 1389 Significat
898 1353 1008 1378 autem
1040 1346 1228 1378 iustificatio

243 1395 277 1425 in
300 1393 352 1424 his
385 1391 476 1423 Pauli
512 1391 706 1433 sententijs,
741 1391 971 1421 remissionem
999 1395 1227 1432 peccatorum,

243 1447 306 1468 seu
340 1434 647 1468 reconciliationem
682 1443 743 1465 seu
782 1433 1030 1474 imputationem
1066 1434 1228 1473 iusticiae,

243 1479 310 1512 hoc
334 1485 398 1518 est,
423 1479 686 1521 acceptationem
709 1487 885 1519 personae.

331 1531 403 1564 Nec
437 1531 607 1563 afferimus
647 1540 770 1561 nouum
805 1529 929 1572 dogma
962 1529 995 1561 in
1029 1528 1228 1562 Ecclesiam.

243 1577 328 1608 Nam
352 1575 440 1607 hanc
458 1575 500 1606 de
522 1574 587 1606 {ide
610 1573 793 1605 doctrinam
817 1573 983 1615 scriptura
1007 1574 1143 1616 copiose
1165 1580 1230 1605 tra-

244 1621 302 1657 dit,
325 1619 365 1651 Et
391 1617 517 1650 Paulus
540 1618 629 1649 hunc
653 1616 760 1649 locum
785 1618 944 1659 precipue
969 1623 1088 1650 tractat
1117 1618 1149 1649 in
1173 1617 1230 1650 ali-

244 1669 326 1706 quot
350 1661 523 1704 Epistola,
547 1660 588 1692 Et
612 1661 732 1694 docent
756 1662 842 1693 idem
866 1662 901 1693 S.
923 1661 1050 1694 Patres.
1075 1661 1132 1693 Sic
1144 1663 1230 1693 enim

243 1707 348 1748 inquit
371 1706 571 1738 Ambrosius
591 1705 632 1737 de
658 1706 832 1737 vocatione
856 1706 1018 1748 gentium,
1044 1705 1231 1739 vilesceret

243 1751 424 1792 redemptio
445 1750 619 1791 sanguinis
644 1748 781 1789 Christi,
804 1759 867 1781 nec
896 1749 1144 1782 misericordiae
1169 1750 1229 1782 Dei

242 1794 461 1826 humanorum
491 1803 628 1834 operum
652 1794 886 1835 praerogatiua
916 1795 1171 1833 succumberet,
1201 1795 1230 1825 si

245 1838 432 1870 iustine-,atio
457 1848 542 1879 quie
567 1837 600 1867 tit
625 1847 683 1878 per
706 1838 855 1879 gratiam,
880 1838 1004 1869 meritis
1028 1838 1229 1880 praeceden-

248 1883 334 1913 tibus
358 1881 546 1915 deberetur.
572 1886 604 1912 vt
629 1891 695 1911 nun
720 1892 838 1912 :lirinus
863 1880 1048 1923 largientis,
1071 1883 1130 1914 sed
1146 1893 1227 1914 nter·

247 1935 305 1957 ces
327 1931 418 1955 esset
443 1925 623 1966 operantis.
671 1923 710 1955 tit
734 1923 854 1956 multae
878 1932 954 1956 sunt
979 1927 1140 1968 integrae,
1164 1926 1229 1958 hae

245 1971 287 2000 de
308 1979 354 2007 re,
377 1968 462 2009 apud
481 1968 712 2007 Augustinum,
739 1968 992 2009 disputationes,
1016 1969 1120 2001 Huius
1144 1969 1229 2001 haec

246 2019 323 2043 sunt
363 2013 475 2042 verba.
526 2004 801 2053 Quandoquidem
849 2022 908 2052 per
938 2010 1046 2055 legem
1082 2015 1228 2045 ostendit

248 2055 367 2086 homini
392 2054 611 2085 infirmitatem
635 2065 741 2089 suam,
767 2060 801 2086 vt
823 2056 948 2087 adeius
968 2057 1226 2088 misericordiam

247 2109 306 2139 per
330 2098 425 2129 tidem
451 2097 661 2139 confugiens,
685 2105 880 2137 sanaretur,
903 2098 1037 2131 Dictum
1062 2106 1113 2131 est
1142 2101 1227 2132 enim

243 2142 334 2184 quod
358 2140 463 2182 legem
488 2148 519 2172 et
544 2141 801 2173 misericordiam
827 2143 857 2172 in
882 2141 995 2184 lingua
1017 2149 1144 2185 portet,
1167 2143 1228 2175 Lc-

245 2195 318 2227 gem
343 2180 483 2223 scilicet,
508 2195 570 2226 qua
596 2195 673 2215 reos
698 2185 798 2216 saciat
819 2188 996 2227 superbos.
1041 2187 1228 2219 Misericor-

243 2229 329 2260 diam
354 2239 446 2266 vero,
471 2239 535 2270 qua
564 2227 720 2259 iustificet
751 2228 950 2261 tunniliatos.
987 2229 1120 2263 insticia
1146 2242 1229 2274 ergo

245 2271 305 2303 Dei
341 2282 399 2314 per
435 2273 531 2303 tidem
568 2271 641 2303 iesu
676 2271 800 2304 Christi
835 2273 866 2303 in
902 2283 1019 2305 omnes
1060 2275 1115 2316 qui
1157 2285 1228 2306 cre-

243 2316 324 2347 dunt
348 2323 412 2346 etc.

330 2367 371 2398 Et
408 2367 568 2409 Synodus
599 2365 787 2399 Mtteutmna
822 2367 948 2399 scribit.
996 2368 1115 2401 Nonne
1145 2371 1228 2401 satis

243 2410 429 2442 ostenditur
453 2409 517 2441 hoc
541 2417 651 2442 actum
675 2420 752 2443 esse
777 2421 835 2452 per
849 2409 968 2454 legem,
993 2418 1026 2443 vt
1050 2419 1226 2454 peccatum

242 2460 524 2495 cognosceretur,
555 2460 587 2484 et
615 2454 665 2485 s-tc
699 2454 864 2487 aduersus
896 2455 1067 2487 victoriam
1098 2457 1225 2497 peccati

241 2496 283 2527 ad
308 2497 450 2528 diuinam
479 2497 637 2539 gratiam,
668 2508 754 2539 quae
784 2499 814 2529 in
844 2499 1120 2540 promissionibus
1152 2511 1225 2541 pro-

241 2541 349 2580 posita
384 2547 446 2577 est,
479 2539 731 2582 confugeretur,
762 2548 796 2573 vt
815 2543 857 2573 ad
888 2540 1116 2574 liberationem
1172 2553 1223 2575 ue-

240 2590 393 2614 rerentur
422 2584 664 2624 promissionem
696 2584 774 2623 Dei,
810 2585 875 2616 hoo
907 2590 978 2623 est,
1013 2587 1121 2628 gratia
1184 2587 1225 2625 ei,

240 2632 272 2657 et
292 2627 424 2669 incipiat
448 2637 526 2659 ene
550 2628 581 2659 in
612 2628 743 2660 homine
772 2628 922 2666 iusticia,
952 2638 1019 2660 non
1049 2640 1127 2667 sua,
1162 2631 1223 2662 sed

240 2668 314 2701 Det.

707 173 820 206 PtltL.
844 173 948 206 MEL.
972 173 1160 207 SCRIPTA
1183 172 1454 206 DOGMATIGA
1473 173 1530 206 ET
1552 173 1825 207 SYMBOLtcA.

1482 286 1550 317 DE
1578 286 1740 319 BONIS
1770 286 2050 320 ot’Ettlssvs.

1253 283 1258 306 l

1254 309 1257 332 l

1253 333 1257 385 l
1365 362 1447 394 Cum
1470 364 1696 394 necessariam
1716 364 1757 394 de
1781 363 1845 395 fide
1869 364 2053 396 doctrinam
2077 371 2109 396 et
2140 375 2261 397 conso-

1276 404 1434 437 lationem
1458 405 1622 448 Ecclesijs
1647 406 1875 447 proponimus,
1898 408 2028 439 additur
2052 414 2085 439 et
2109 408 2262 441 doctrina

1278 449 1319 479 de
1344 449 1440 479 honis
1462 450 1631 490 operibus,
1650 449 1754 485 Qumt‘
1769 449 1923 481 videlicet
1948 452 2140 483 necessaria
2164 453 2207 483 sit
2229 453 2262 484 in

1278 491 1514 530 reconciliatis,
1539 493 1727 523 obedientia
1751 503 1832 535 erga
1855 493 1964 535 legem
1987 493 2060 525 Dei.
2092 494 2175 526 Nam
2200 494 2263 527 Eu·

1252 546 1256 553 ·
1277 532 1442 576 angelium
1463 535 1680 566 concionatur
1699 536 1739 566 de
1757 546 1845 567 noua
1858 538 1937 574 vita,
1950 538 2038 568 iuxta
2058 536 2149 576 illud,
2163 537 2262 571 Dabo

1276 575 1384 619 legem
1409 588 1514 609 meam
1538 579 1569 609 in
1593 579 1751 610 cordibus
1775 590 1908 618 eorum,
1939 579 2029 611 Haec
2052 581 2151 623 igitur
2174 591 2263 614 noua

1277 621 1358 658 vita,
1382 621 1482 652 debet
1505 631 1582 653 esse
1606 623 1795 653 ohedientia
1819 633 1901 665 erga
1926 621 2045 655 Deum.
2091 623 2131 655 Et
2161 634 2262 656 euan-

1277 662 1398 705 gelium
1422 665 1594 704 praedicat
1617 666 1872 706 poenitentiam,
1902 665 1971 697 Nec
2003 668 2147 698 existere
2178 667 2262 699 tides

1278 712 1402 747 potest,
1439 707 1501 738 nisi
1535 708 1568 738 in
1597 708 1648 739 his
1678 710 1730 749 qui
1761 709 1996 750 poenitentiam
2030 717 2150 753 agunt,
2186 711 2262 752 quia

1279 750 1362 782 futes
1388 749 1583 781 consolatur
1607 752 1709 783 corda
1732 753 1764 783 in
1789 753 1989 784 contritione
2012 759 2045 784 et
2075 754 2262 785 terroribus

1276 793 1420 834 peccati,
1444 794 1532 825 sicut
1555 793 1678 825 Paulus
1703 795 1818 833 ‹lot-et,
1849 795 2018 828 iustificati
2049 795 2114 828 fide
2145 807 2262 837 pacem

1276 837 1449 877 habemus,
1473 835 1515 868 Et
1538 837 1579 868 de
1603 838 1803 878 poenitentia
1827 839 1913 871 dicit.
1961 838 2056 871 Rom.
2080 839 2112 870 6.
2156 838 2261 871 Vetus

1277 886 1391 911 noster
1425 879 1525 910 homo
1560 880 1659 910 simul
1695 882 1876 912 crucifixus
1911 888 1983 919 est,
2018 888 2053 912 vt
2087 880 2262 913 aboleatur

1277 933 1398 964 corpus
1422 923 1563 964 pcccati,
1590 933 1631 953 ne
1655 930 1794 964 peceato
1817 924 1978 966 deinceps
1998 925 2196 963 seruiamuS,
2218 924 2262 956 Et

1275 965 1394 997 Esaias
1418 967 1537 1008 inquit,
1567 965 1632 996 Vbi
1665 966 1825 999 habitabit
1854 967 2040 999 Dominus?
2072 966 2106 998 ln
2137 967 2262 1009 Spiritu

1276 1010 1420 1042 contrito
1444 1017 1475 1040 et
1500 1008 1670 1046 humiliato
1697 1017 1760 1041 etc.

1363 1053 1538 1090 Secundo,
1574 1053 1661 1083 lnter
1696 1054 1784 1084 bona
1813 1063 1934 1094 opera,
1963 1053 2180 1095 praecipuum
2209 1058 2262 1085 est

1251 1109 1256 1161 Ι
1276 1103 1310 1127 et
1332 1106 1481 1127 summus
1505 1094 1613 1126 cultus
1639 1095 1712 1134 Dei,
1736 1096 1819 1127 {ides
1843 1098 1934 1137 ipsa,
1965 1104 1997 1128 et
2025 1097 2108 1137 parit
2140 1095 2262 1128 multas

1251 1164 1257 1178 ,
1277 1138 1360 1171 alias
1384 1140 1526 1170 virtutes
1548 1149 1635 1180 quae
1655 1140 1800 1170 existere
1825 1150 1890 1170 non
1915 1140 2145 1181 possunt,nisi
2170 1141 2261 1180 prius

1277 1183 1381 1214 corda
1404 1182 1500 1213 fidem
1525 1184 1750 1224 conceperint,
1776 1181 1901 1213 Paulus
1933 1184 2018 1214 enim
2043 1183 2140 1220 dicit,
2171 1183 2261 1218 Quo-

1277 1223 1376 1256 mod'o
1401 1226 1623 1262 inuocabant,
1652 1226 1714 1256 nisi
1744 1226 1968 1257 crediderint?
2014 1225 2132 1257 Donec
2161 1226 2261 1258 animi

1278 1268 1439 1307 dubitant,
1463 1280 1504 1299 an
1529 1280 1549 1300 a
1571 1268 1646 1299 Deo
1670 1269 1899 1306 exaudiantur,
1923 1269 2031 1299 «lorice
2053 1270 2200 1300 sentiunt
2223 1279 2262 1300 se

1277 1323 1297 1343 a
1320 1311 1395 1343 Deo
1419 1312 1523 1353 reijci,
1552 1322 1618 1342 non
1643 1322 1721 1343 vere
1751 1313 1909 1343 introcant
1932 1310 2051 1343 Deum.
2096 1312 2164 1344 Sed
2187 1322 2263 1344 cum

1278 1354 1345 1386 stdc
1383 1355 1600 1397 agnoscimus
1640 1355 1922 1393 misericordiam,
1970 1353 2182 1397 teotil'ugimus
2220 1355 2263 1387 ad

1278 1397 1400 1435 Deum,
1423 1397 1600 1440 diliginus,
1624 1398 1832 1436 introeamus,
1846 1408 2033 1439 speramus,
2045 1405 2263 1441 expectamus

1277 1440 1446 1481 auxilium,
1469 1441 1642 1473 obediturus
1664 1443 1695 1473 in
1719 1441 1973 1480 afflictionibus,
2004 1442 2082 1484 quia
2107 1443 2172 1474 iam
2199 1443 2264 1475 sei-

1279 1495 1352 1516 mus
1376 1494 1439 1516 nos
1462 1495 1542 1516 esse
1567 1483 1673 1524 filios,
1698 1491 1731 1516 et
1760 1485 1895 1528 placere
1924 1485 2000 1517 Deo
2029 1491 2182 1518 nostrum
2210 1495 2265 1518 sa-

1279 1528 1508 1567 ci-ificium,⁰¹)
1532 1535 1667 1561 nostras
1689 1529 1909 1567 afflictiones,
1938 1528 2010 1560 llos
2038 1527 2149 1561 cultus
2177 1529 2266 1571 parit

1280 1572 1374 1612 fides,
1398 1571 1554 1604 preclare
1576 1573 1676 1616 igitur
1699 1574 1803 1615 inquit
1826 1573 2046 1611 Ambrosius,
2078 1573 2178 1605 Fides
2208 1573 2264 1606 bo·

1280 1627 1342 1649 nae
1376 1615 1574 1656 voluntatis,
1617 1623 1650 1648 ct
1689 1617 1797 1648 iustae
1836 1616 1978 1648 aetianis
2018 1617 2161 1659 genitrix
2199 1622 2265 1656 est,

1278 1661 1475 1703 Aduersarij
1505 1661 1608 1693 videri
1640 1659 1756 1693 volunt
1785 1660 1961 1702 magnifice
1990 1670 2112 1693 ornare
2141 1660 2265 1693 doctri·

1279 1716 1355 1737 nam
1378 1706 1542 1737 bonorum
1566 1716 1713 1748 operum.
1738 1704 1777 1737 Et
1802 1711 1910 1736 tamen
1935 1705 1976 1736 de
1999 1705 2052 1736 his
2082 1702 2263 1747 spirituali·

1278 1750 1341 1781 bus
1362 1749 1531 1791 operibus,
1554 1750 1595 1781 de
1615 1749 1692 1788 fide,
1716 1750 1758 1781 de
1781 1749 1958 1791 exercicijs
1983 1748 2057 1779 tidei
2077 1749 2109 1780 in
2131 1749 2264 1781 inuoca-

1278 1793 1379 1831 tione,
1403 1793 1433 1824 in
1458 1793 1611 1825 omnibus
1634 1795 1722 1825 vitae
1746 1793 1909 1835 ncgociJ-s,
1935 1791 2087 1835 consilijs
2118 1798 2152 1825 et
2179 1792 2264 1835 peri·

1255 1831 1259 1864 l
1280 1835 1376 1875 culis,
1401 1835 1481 1869 nihil
1507 1838 1631 1876 dicunt,
1654 1837 1705 1868 Ac
1728 1849 1770 1871 ne
1793 1843 1902 1878 potest
1927 1837 2059 1879 quidem
2083 1843 2176 1868 recte
2200 1836 2264 1869 dici

1278 1882 1319 1913 de
1344 1881 1394 1913 his
1423 1881 1615 1924 exercit-ijs,
1645 1882 1679 1913 Si
1711 1881 1943 1914 conscienciae
1973 1879 2202 1924 relinquantur
2231 1881 2264 1912 in

1278 1926 1494 1963 dubitatione,
1517 1926 1552 1957 Si
1578 1927 1729 1957 nest-iant
1744 1927 1846 1957 Deum
1872 1925 2040 1967 requirere
2065 1925 2174 1963 tidem,
2195 1930 2262 1956 tan·

1278 1980 1374 2043 (luam
1400 1971 1590 2012 precipuum
1615 1969 1753 2006 cultum,
1779 1969 1818 2001 Et
1843 1980 1916 1999 cum
1945 1968 2125 2000 offunditur
2153 1967 2261 2001 oculis

1278 2012 1333 2044 ila
1370 2014 1488 2056 ingens
1525 2014 1658 2055 speeies
1693 2021 1904 2045 externorum
1940 2023 2094 2054 operum,
2133 2020 2262 2045 niente·

1278 2058 1472 2099 praesertim
1497 2068 1562 2088 non
1587 2059 1670 2089 satis
1693 2058 1880 2095 institutae,
1906 2056 2116 2088 abducuntur
2138 2067 2159 2090 a
2183 2067 2262 2090 cun·

1277 2107 1394 2142 speetu
1430 2099 1546 2132 horum
1581 2101 1811 2132 exercitiorum
1854 2102 2058 2134 interiorum.
2111 2102 2261 2136 Necesse

1277 2149 1330 2176 est
1351 2150 1462 2176 autem
1486 2145 1517 2175 in
1541 2143 1696 2176 Ecclesia
1719 2145 1760 2176 de
1784 2143 1835 2174 his
1856 2145 2068 2178 interioribus
2092 2147 2261 2189 operibuS,

1278 2193 1311 2219 et
1339 2186 1501 2219 fructibus
1536 2188 1672 2228 spiritus
1707 2189 1820 2219 doceri
1863 2188 2024 2220 hmnines.
2058 2188 2141 2221 Nam
2178 2190 2262 2223 liaeo

1278 2241 1380 2272 opera
1404 2231 1582 2262 discrimen
1612 2230 1734 2263 sanciunt
1767 2232 1852 2263 inter
1881 2232 1954 2273 pios
1988 2239 2021 2264 et
2056 2232 2261 2276 hypocrita,

1280 2273 1444 2305 Externos
1468 2273 1590 2313 cultus,
1612 2281 1768 2306 externas
1797 2276 2023 2311 ceremonias.
2051 2284 2085 2308 et
2110 2275 2177 2309 alia
2204 2288 2260 2310 ex·

1278 2318 1373 2349 tei-na
1407 2327 1511 2360 opera
1546 2325 1717 2359 praestare
1747 2320 1842 2350 otium
1877 2318 2073 2361 hypocritae
2105 2327 2258 2362 possunt-

1278 2361 1323 2393 At
1356 2360 1389 2392 hi
1423 2359 1532 2393 cultus
1566 2366 1691 2393 tantum
1724 2368 1801 2394 sunt
1832 2372 1930 2394 verae
1960 2362 2149 2403 Ecclesiae,
2179 2373 2260 2396 vera

1277 2405 1487 2446 poenitentia,
1509 2405 1616 2443 timor,
1640 2405 1735 2440 fides,
1759 2407 1936 2444 innovatio,
1966 2412 2029 2438 eto.
2077 2406 2116 2438 1Ιὶ
2148 2405 2258 2439 cultus

1276 2448 1434 2490 precipue
1473 2458 1508 2479 re
1535 2449 1700 2493 uin-untur,
1717 2455 1750 2481 et
1791 2448 1966 2480 laudantur
1998 2450 2030 2480 in
2071 2451 2138 2481 scri
2164 2450 2259 2490 turis,

1277 2498 1310 2523 vt
1345 2490 1478 2523 Psalmo
1532 2491 1563 2522 9.
1618 2491 1753 2524 laurioln
1787 2493 1862 2525 Deo
1901 2493 2101 2525 sacrificium
2149 2494 2257 2532 nudie,

1275 2534 1399 2567 Inuoca
1422 2544 1473 2566 me
1497 2535 1527 2566 in
1552 2535 1605 2567 die
1627 2534 1850 2568 tribulationis
1873 2542 1939 2568 ete.

1273 2648 1320 2680 et)
1339 2652 1453 2707 rattruut
1472 2647 1649 2680 ueritati-mn
1667 2650 1704 2674 oio
1721 2648 1770 2673 Ed.
1791 2650 1830 2679 ³4
1852 2649 1898 2674 nd.
1921 2649 1944 2675 ί.
1964 2648 2014 2674 tm
2038 2654 2153 2675 nentrum
2178 2648 2258 2675 ued-

1385 2691 1437 2713 um,
