2324 2944
242 151 309 184 355

245 243 324 276 olim
359 242 506 279 suerunt,
545 240 748 275 Manichaei,
784 240 1038 277 Enthusiastae,
1074 243 1106 269 et
1138 247 1227 268 nunc

245 294 322 319 sunt
348 286 599 327 Anabaptistae.
647 283 841 315 Huiusmodi
870 283 1002 314 furores
1034 286 1228 311 constanter

249 331 460 366 (lamnatan
495 326 641 360 Abolent
666 328 750 358 cuitu
774 337 886 358 verum
920 335 1014 355 vsum
1046 323 1139 354 verbi
1165 321 1227 353 Dei

247 379 279 404 et
305 371 393 404 salso
429 372 594 403 somniant
629 371 701 401 sine
737 371 838 400 verbo
865 368 927 399 Dei
949 367 1054 407 accipi
1078 366 1228 407 spirit-um

246 422 417 453 sanctum,
442 420 474 446 et
497 414 570 445 treti
596 414 666 444 suis
698 412 908 453 opinionibus
937 409 1229 441 comminiscuntur

245 459 345 500 impia
386 457 558 500 dogmata,
594 463 627 487 et
663 453 809 487 efficiunt
846 452 1004 485 infinitam
1045 451 1229 492 dissipatio-

246 511 332 533 nem.
349 503 375 538 ⁷)

713 580 770 611 Vl.

342 656 392 692 13)
416 653 494 683 ltetn
519 652 650 688 docent,
675 649 764 690 quod
788 659 862 680 cum
888 648 953 680 fide
966 646 1233 684 reconciliamur,

250 697 444 729 necessario
470 695 563 735 sequi
588 694 720 730 debeat,
744 692 873 723 iusticia
898 693 1058 723 bonorum
1082 700 1232 731 operum,

249 751 335 783 quae
356 738 448 770 Deus
474 738 572 768 nobis
597 735 777 773 mandauit,
801 735 886 766 sicut
909 741 942 766 et
961 733 1116 766 Christus
1139 744 1234 775 prac-

249 784 345 824 cepit.
382 781 417 812 Si
440 781 491 812 vis
515 780 546 810 in
568 780 668 810 vitam
687 778 829 820 ingredi,
854 788 955 809 serua
978 778 1142 809 mandata.
1166 775 1234 808 Sed

249 827 326 868 quia
350 830 441 855 tauta
467 829 519 854 cst
541 821 714 853 infirmitas
739 821 904 852 humanae
917 827 1068 859 naturae,
1090 825 1126 852 vt
1137 829 1234 851 nenio

248 868 315 910 legi
339 865 536 898 satisfacere
554 865 673 906 possit,
697 873 838 895 necesse
862 865 1046 896 estdocere
1068 863 1233 900 homines,

248 922 316 944 non
351 909 460 941 solum
494 908 583 950 quod
613 907 681 949 legi
708 907 928 938 obediendum
958 907 1020 946 sit,
1048 906 1109 938 sed
1139 905 1235 937 etiam

250 953 416 997 quomodo
441 951 573 993 placeat
595 950 681 981 haec
705 950 910 988 obedientia,
941 960 984 981 ne
1008 948 1235 981 conscientiae

248 997 395 1029 incidant
426 996 458 1026 in
489 995 775 1035 desperationem,
810 1003 883 1025 cum
915 992 1101 1034 intelligant
1121 994 1161 1026 ¹⁴)
1197 1000 1235 1022 se

248 1051 316 1073 non
341 1038 540 1071 satisfacere
569 1036 645 1079 legi.
693 1035 807 1067 Placet
838 1036 937 1077 igitur
967 1035 1051 1067 haec
1080 1035 1235 1067 obedien-

249 1084 311 1118 tia,
335 1092 402 1113 non
427 1083 503 1123 quia
526 1079 592 1123 legi
617 1078 799 1117 satisfacit,
824 1078 892 1110 Sed
917 1079 995 1120 quia
1013 1088 1159 1120 persona
1183 1082 1235 1109 est

249 1127 284 1159 in
308 1125 443 1158 Christo
467 1121 685 1156 reconciliata
707 1122 784 1161 fide,
807 1128 839 1153 et
863 1122 967 1154 credit
990 1122 1052 1153 sibi
1077 1120 1235 1162 reliquias

250 1169 381 1212 peccati
405 1167 599 1199 condonari.
645 1167 785 1207 Semper
808 1166 909 1207 igitur
936 1165 1143 1196 sentiendum
1173 1169 1236 1201 est,

250 1222 314 1244 nos
344 1211 504 1252 consequi
534 1210 763 1241 remissionem
798 1214 1031 1249 peccatorum,
1060 1213 1092 1239 et
1121 1216 1236 1250 perso-

250 1266 326 1287 nam
357 1253 568 1295 pronunciari
602 1253 738 1289 iustam,
774 1252 806 1282 id
840 1257 892 1282 est
926 1251 1093 1292 acceptari
1133 1250 1235 1291 gratis

251 1303 388 1340 propter
412 1296 593 1333 Christum,
618 1305 677 1336 per
701 1295 807 1325 fidem.
857 1294 979 1325 Postea
1002 1303 1084 1325 vero
1101 1292 1236 1335 placere

253 1343 350 1373 etiam
387 1340 608 1372 obedientiam
644 1348 725 1379 crga
756 1337 864 1379 legem
897 1343 929 1368 et
958 1337 1103 1378 reputari
1133 1345 1236 1377 quan-

252 1385 328 1417 dam
353 1383 536 1420 iusticiam,
565 1388 598 1413 et
622 1381 739 1413 mereri
758 1381 916 1422 praemia.
961 1380 1038 1411 Non
1065 1379 1151 1410 enim
1180 1388 1237 1419 po-

252 1433 318 1459 test
332 1425 537 1459 conscientia
551 1434 722 1466 opponere
744 1423 866 1456 iudicio
880 1423 943 1454 Dei
966 1422 1134 1464 propriam
1145 1431 1237 1453 mun-

253 1471 371 1503 diciem
395 1476 451 1501 aut
475 1479 590 1510 opera,
612 1469 699 1499 sicut
724 1465 879 1498 Psalmus
903 1472 1059 1500 testatur,
1087 1465 1161 1496 Non
1190 1465 1237 1495 in-

252 1520 322 1546 tres
346 1513 378 1544 in
402 1512 556 1545 iudicium
580 1520 655 1542 cum
685 1520 786 1542 seruo
817 1515 892 1548 tuo,
921 1509 997 1551 quia
1025 1519 1091 1541 non
1121 1506 1237 1540 iustifi-

253 1558 383 1590 cabitur
412 1565 525 1588 coram
560 1561 592 1586 te
620 1555 727 1585 omnis
762 1554 890 1584 vinens.
936 1552 978 1584 Et
1007 1551 1150 1584 Ioannes
1179 1551 1237 1588 ait,

253 1601 290 1633 Si
326 1599 505 1631 dixerimus
538 1597 628 1640 quod
665 1602 839 1638 peccatum
871 1606 938 1627 non
964 1594 1145 1634 hahemus,
1174 1593 1237 1636 ipsi

252 1653 318 1676 nos
350 1643 552 1675 seducimus.
611 1640 647 1671 Si
683 1639 900 1672 confiteamur
941 1644 1081 1681 peccata
1120 1643 1238 1670 nostra

254 1685 364 1719 fidelis
389 1691 421 1717 et
439 1686 548 1717 iustus
572 1690 634 1719 est,
659 1689 694 1715 vt
714 1683 858 1714 remittat
886 1683 983 1714 nobis
1012 1687 1152 1724 peccata
1179 1691 1237 1713 no-

254 1736 345 1768 stra,
368 1728 409 1760 Et
434 1728 587 1760 Christus
610 1727 727 1769 inquit,
751 1726 835 1758 Cum
862 1725 1009 1757 feceritis
1039 1725 1168 1764 omnia,
1192 1724 1238 1756 di-

257 1774 338 1811 cite,
366 1773 455 1803 serui
486 1769 620 1802 inutiles
651 1779 778 1802 sumus-

257 1828 340 1847 sona
366 1815 579 1847 reconciliata
604 1821 633 1845 ct
659 1813 745 1845 iustu
769 1813 846 1851 fide,
868 1813 900 1844 id
924 1819 987 1851 est,
1011 1817 1151 1853 accepta
1174 1816 1238 1849 est,

256 1859 365 1902 placet
390 1865 421 1889 et
445 1857 633 1889 obedientia
657 1863 687 1888 et
713 1862 885 1897 reputatur
908 1866 985 1887 esse
1009 1856 1172 1897 ‹flttaedam
1195 1855 1239 1885 iu-

256 1903 364 1937 sticia,
388 1903 479 1933 Sit-ut
505 1901 645 1932 loannes
669 1900 784 1941 inquit.
831 1900 947 1930 Omnis
971 1900 1027 1941 qui
1051 1899 1081 1930 in
1111 1909 1150 1929 eo
1174 1908 1240 1929 ma-

257 1952 311 1977 net
339 1956 404 1976 non
434 1950 549 1986 peccat
608 1943 648 1975 Et
677 1943 708 1974 2.
735 1942 884 1974 Corinth.
916 1943 1031 1984 primo.
1052 1943 1092 1975 ¹⁵)
1124 1940 1240 1973 Gloria

256 1995 373 2021 nostra
398 1987 481 2019 haec
506 1994 567 2018 cst.
593 1987 813 2018 testimonium
846 1986 1069 2017 conscientiae
1092 1991 1239 2016 nostrae.

345 2032 396 2063 Ac
430 2031 527 2062 debet
565 2030 647 2062 haec
682 2030 869 2061 obedientia
900 2039 1087 2071 repugnare
1127 2029 1239 2069 prauis

257 2075 492 2117 cupiditatibus
517 2082 546 2105 ct
572 2074 713 2105 subinde
737 2071 963 2113 spiritualibus
977 2072 1145 2114 exercitijs
1170 2071 1239 2103 ficri

255 2119 382 2160 purior,
406 2125 437 2149 et
462 2127 593 2150 cauere.
618 2127 659 2148 ne
682 2117 759 2158 quid
780 2116 1020 2148 committamus
1033 2121 1149 2147 contra
1162 2125 1240 2146 con-

256 2162 440 2198 scientium,
465 2161 558 2192 luxta
582 2159 674 2198 illud,
697 2161 830 2191 ¹Summa
855 2158 939 2200 legis
964 2165 1014 2190 cst
1043 2157 1175 2191 dilectio
1199 2169 1239 2189 cx

257 2216 341 2246 puro
361 2205 462 2236 corde
488 2210 519 2235 et
545 2203 750 2235 conscientia
780 2204 876 2236 hona.
902 2208 932 2233 et
963 2203 1026 2233 lide
1056 2212 1121 2233 non
1151 2201 1239 2233 licta.

258 2249 320 2284 Qui
346 2258 428 2279 vero
454 2249 681 2287 obtemperant
706 2247 817 2288 prauis
841 2246 1073 2287 cupiditatibus
1095 2252 1240 2288 etngunt

258 2298 375 2323 contra
399 2291 648 2326 conscientiam,
672 2297 848 2321 versantur
871 2290 901 2320 in
927 2290 1073 2330 pet-catis
1098 2287 1241 2320 mortali-

259 2336 339 2369 bus.
371 2345 433 2366 nec
468 2335 540 2366 fidei
566 2334 748 2366 iusticiam.
783 2343 846 2364 nec
880 2333 1041 2364 instit-inm
1078 2333 1240 2365 bonorum

260 2440 304 2466 13)
324 2439 385 2462 Ιτνπι
406 2441 509 2466 siccant.
530 2439 598 2468 qumi
619 2445 674 2461 rum
701 2438 752 2461 fidu
773 2451 803 2456 -
825 2451 854 2455 —
875 2445 982 2467 regnum
1008 2437 1057 2461 nei
1085 2445 1136 2461 non
1161 2438 1240 2469 possi-

329 2474 444 2505 debunt}
472 2482 507 2497 sut·
533 2478 597 2497 {atvs
623 2473 662 2495 Ινν
688 2479 735 2496 117⁴!-
762 2476 869 2496 muratus
893 2473 982 2504 leqtrur
1008 2474 1030 2494 iu
1058 2472 1134 2496 lidio.
1156 2473 1180 2497 3.
1202 2474 1240 2499 4.;

328 2509 377 2532 Eut.
399 2510 422 2531 2>
444 2518 477 2531 z:
499 2508 545 2531 Ed.
570 2509 604 2531 l.:
626 2508 688 2531 ltem
709 2509 816 2535 duvone.
836 2507 904 2539 quod
923 2507 986 2531 tide-³
1008 2520 1037 2524 —
1060 2520 1089 2525 —
1109 2507 1241 2538 occipit-ns

328 2544 507 2566 romi-nioman
528 2551 558 2574 pc
578 2547 703 2566 saturum.
723 2543 790 2573 (ride
807 2550 882 2576 supra
897 2550 924 2575 p.
946 2542 1004 2566 27G.
1025 2541 1067 2566 tin.
1086 2541 1192 2569 b—tc.)

259 2587 304 2617 1⁴)
325 2586 481 2618 intelligant}
506 2586 550 2610 Ed,
571 2587 608 2610 (a
632 2586 779 2617 intelligunt.

259 2629 304 2659 15)
324 2630 428 2661 primo.)
450 2630 496 2653 Ed.
518 2631 553 2654 ⁴.:
578 2631 586 2652 t

825 1768 1006 1811 Postquam
1031 1775 1138 1800 autem
1166 1778 1237 1810 per·
1262 1770 1267 1805 Ι

692 144 802 179 PHIL.
825 144 929 178 MEL.
953 142 1142 192 sthP'rA
1163 139 1434 173 DOGMAthA
1456 139 1512 172 ET
1534 138 1807 172 SYMBOLICA.
2192 138 2257 172 356

1275 244 1413 276 operum
1431 235 1585 266 retinent.
1620 234 1713 266 luxta
1734 233 1816 266 illud
1840 232 1946 273 Pauli,
1966 232 2128 276 Qutgmta
2141 239 2257 276 agunt,

1275 288 1413 320 regnum
1429 276 1492 309 Det
1515 288 1582 310 non
1600 278 1828 320 possidebunt.
1850 280 1890 316 ¹5)

1730 375 1800 408 Vll.

1367 444 1448 476 Item
1471 445 1604 483 docent,
1627 445 1717 487 quod
1740 455 1806 476 vna
1828 449 1945 477 sancta
1966 443 2121 477 Ecclesia
2142 455 2260 487 perpe-

1279 494 1336 520 tuo
1366 498 1524 520 mansura
1552 489 1603 520 sit.
1655 487 1717 519 Est
1746 493 1856 520 autem
1892 490 1932 523 1ὅ)
1945 486 2102 521 Ecclesia
2135 489 2261 521 Christi

1279 531 1432 573 proprie,
1462 531 1679 573 congregatio
1698 533 1739 570 ¹⁷)
1773 532 1993 563 membrorum
2023 530 2165 570 Christi,
2194 531 2262 564 hoo

1281 580 1344 612 est,
1367 579 1573 613 sanctorum,
1599 575 1653 616 qui
1677 584 1755 606 vere
1779 574 1918 606 credunt
1940 581 1971 605 et
1996 575 2150 606 obediunt
2166 573 2261 606 Chris

1281 623 1346 655 sto,
1370 616 1432 648 etsi
1454 617 1487 648 in
1509 616 1574 650 hac
1598 618 1664 649 vita
1687 616 1764 649 huic
1788 618 2038 659 congregationi
2064 617 2155 649 inulti
2184 615 2262 649 mali

1282 667 1315 692 et.
1336 660 1532 702 hypocritae
1563 660 1697 691 admixti
1721 668 1814 698 sunt,
1838 670 1944 702 vsque
1974 661 2015 692 ad
2045 661 2262 693 nouissimum

1282 704 1457 741 iudicium,
1481 703 1589 734 Habet
1612 709 1722 735 autem
1744 702 1898 735 Ecclesia
1921 704 2055 746 proprie
2082 705 2190 742 dicta,
2217 703 2262 735 si-

1283 757 1349 788 gna
1372 755 1446 784 sua,
1470 745 1599 778 scilicet
1621 757 1736 788 puram
1761 753 1793 778 et
1816 757 1932 778 sanam
1954 746 2128 789 Euangelij
2143 746 2264 778 doctri-

1281 800 1377 828 nam,
1411 794 1444 821 et
1465 795 1593 821 rectum
1617 799 1712 822 vsum
1743 790 2046 822 Sacrameutorum.
2067 792 2107 829 ¹⁶)
2151 789 2191 821 Et
2221 789 2264 821 ad

1282 842 1396 864 veram
1424 832 1582 864 vnitatem
1612 831 1787 864 Ecclesiae
1815 833 1896 864 satis
1927 839 1979 865 cst
2012 833 2204 864 consentire
2221 832 2264 863 de

1282 876 1436 906 doctrina
1469 873 1665 917 Euangelij,
1695 881 1729 906 et
1758 876 2041 907 administratione
2067 875 2265 907 Sacramen-

1282 924 1400 950 torum.
1445 917 1518 949 Nec
1550 927 1692 949 necesse
1727 924 1779 949 est
1811 919 1933 960 vbique
1967 916 2096 949 similes
2129 927 2207 950 esse
2223 918 2265 957 ¹⁸)

1283 961 1476 993 traditiones
1500 960 1674 999 humanas,
1696 970 1756 992 seu
1777 961 1859 992 ritus
1889 962 1930 992 ab
1957 959 2144 993 hominibus
2173 961 2265 992 insti-

1282 1010 1380 1036 tutos.
1401 1006 1440 1041 19)
1486 1003 1581 1036 Sicut
1612 1009 1644 1035 et
1667 1002 1792 1035 Paulus
1823 1005 1939 1043 docet,
1968 1015 2041 1036 cum
2067 1005 2124 1035 ait.
2168 1003 2265 1035 Vnus

1282 1047 1458 1086 Dominus,
1481 1057 1547 1078 vna
1569 1047 1665 1086 fides,
1679 1049 1724 1085 ²⁰)
1746 1057 1847 1079 vuum
1865 1047 2051 1089 Bapstsma,
2074 1057 2159 1079 vnus
2172 1045 2267 1079 Deus

1283 1097 1314 1122 et
1334 1097 1430 1132 pater
1453 1090 1606 1122 omnium.
1630 1095 1694 1122 etc.
2019 1108 2022 1109 ν

1733 1167 1820 1199 Vlll.

1372 1238 1417 1275 2Ι)
1431 1235 1514 1267 Cum
1548 1243 1657 1267 autem
1692 1237 1723 1267 in
1754 1235 1818 1267 hac
1849 1237 1918 1267 vita
1950 1237 2115 1268 admixtae
2129 1237 2174 1272 22)
2201 1237 2268 1268 sint

1285 1279 1462 1311 Ecclesiae
1485 1277 1576 1310 multi
1601 1277 1677 1310 mali
1698 1285 1729 1310 et
1752 1278 1958 1320 hypocritae,
1972 1280 2026 1321 qui
2039 1285 2146 1310 tamen
2160 1280 2268 1311 socie-

1284 1328 1383 1354 tatem
1407 1321 1530 1353 habent
1542 1329 1753 1353 externorum
1765 1323 1936 1363 signorum
1958 1332 2032 1353 cum
2046 1321 2270 1362 Ecclesia,²¹)

1284 1365 1362 1397 licet
1385 1365 1431 1396 vti
1455 1364 1682 1396 Sam-amentis
1704 1373 1792 1407 quae
1814 1375 1874 1406 per
1900 1364 2009 1397 malos
2035 1365 2268 1397 administran-

1285 1415 1350 1446 tur,
1372 1408 1461 1439 iuxta
1483 1417 1600 1439 vocem
1623 1407 1758 1446 Christi,
1782 1408 1907 1441 Sedent
1938 1409 2071 1441 scribae
2098 1413 2131 1440 et
2153 1407 2271 1440 Phari·

1285 1452 1334 1483 sei
1357 1451 1389 1482 in
1411 1449 1579 1483 Cathedra
1606 1449 1776 1490 Moisi‚²⁸)
1807 1456 1869 1483 etc.
1914 1450 1956 1482 Et
1989 1452 2210 1484 Sacramenta
2236 1456 2271 1484 et

1286 1495 1424 1527 verbum
1443 1493 1507 1526 Dei
1519 1495 1565 1532 ²⁴)
1593 1500 1732 1535 propter
1759 1494 1998 1526 ordinationem
2023 1502 2055 1527 et
2078 1495 2270 1528 mandatum

1286 1537 1411 1570 Christi
1440 1543 1520 1570 sunt
1548 1535 1720 1576 efficacia,
1749 1538 1879 1570 etiamsi
1907 1548 1968 1580 per
1995 1537 2104 1570 malos
2136 1536 2270 1571 exhibe·

1284 1587 1392 1614 antur.

1372 1623 1542 1656 Damnant
1564 1623 1765 1657 Donatistas
1787 1631 1820 1656 et
1843 1622 1989 1663 similes,
2017 1625 2073 1666 qui
2104 1635 2144 1656 ne
2191 1625 2272 1657 bant

1285 1667 1387 1701 licere
1411 1667 1534 1711 populo
1549 1669 1595 1707 ²⁵)
1619 1669 1666 1700 vti
1690 1668 1871 1700 ministerio
1902 1666 2063 1700 malorum
2093 1668 2125 1699 in
2184 1667 2271 1700 ccle-

1287 1713 1355 1751 sia,
1375 1718 1407 1744 et
1431 1712 1622 1744 sentiebant
1651 1712 1868 1744 ministerium
1902 1709 2066 1744 malorum
2093 1709 2209 1743 inutile
2238 1715 2272 1743 et

1286 1753 1443 1787 inefficax
1463 1765 1550 1787 esse.

1291 1886 1334 1917 16)
1356 1886 1477 1911 Ecclesia
1506 1885 1601 1911 Christi
1630 1886 1744 1918 proprie,
1773 1899 1804 1903 ——-
1834 1899 1864 1904 —
1890 1889 1988 1909 rectum
2019 1893 2090 1908 vsum
2117 1885 2271 1909 Sacramen-

1360 1920 1464 1954 tor1nn.]
1491 1922 1527 1945 siz·
1546 1921 1627 1945 Editt.
1649 1921 1673 1944 3.
1694 1922 1730 1949 4.;
1753 1920 1798 1943 Ed.
1820 1921 1844 1943 2.
1865 1930 1898 1943 =
1925 1920 1971 1944 Ed.
2001 1921 2036 1944 1.:
2066 1918 2185 1944 Ecclesia
2210 1927 2271 1944 von-

1357 1957 1476 1987 gregatin
1500 1961 1661 1984 sanctorum,
1689 1956 1714 1979 in
1741 1962 1791 1985 qun
1817 1955 1986 1986 Euangelium
2012 1961 2080 1978 recte
2106 1955 2226 1985 docetur,
2245 1958 2272 1979 et

1358 1996 1426 2015 recte
1446 1991 1659 2014 administrantur
1678 1991 1855 2014 Sat-ramenta.

1293 2035 1335 2066 17)
1356 2034 1453 2058 Christi
1479 2034 1596 2066 proprie,
1616 2033 1800 2064 congregatio]
1818 2033 1867 2057 Ed.
1887 2034 1926 2057 -t,:
1946 2032 2059 2062 Pht-isti,
2083 2033 2186 2066 proprie
2211 2039 2271 2057 con-

1358 2070 1477 2100 gregatio

1291 2112 1336 2144 18)
1356 2112 1452 2170 sinplcs
1477 2111 1544 2143 csse]
1567 2111 1604 2136 sic
1627 2110 1708 2136 Editt.
1734 2111 1758 2136 3.
1780 2112 1821 2140 4.;
1851 2111 1898 2136 Ed.
1925 2112 1948 2135 2.
1968 2120 2001 2134 =
2021 2110 2069 2136 Ed.
2093 2111 2127 2135 1.:
2154 2118 2212 2136 esse
2237 2110 2272 2137 si·

1359 2154 1392 2171 nn
1407 2154 1433 2170 es

1293 2191 1338 2223 19)
1358 2192 1420 2215 ritus
1439 2190 1470 2214 ab
1490 2188 1721 2223 ttom.in.‹ttmtos.]
1742 2191 1777 2213 eie
1795 2189 1875 2214 Editt.
1896 2190 1920 2214 ³.
1934 2189 1975 2219 4.;
1995 2189 2043 2215 Ed.
2065 2190 2088 2214 2.
2109 2198 2143 2212 =
2162 2189 2211 2215 Ed.
2233 2189 2271 2214 l.=

1360 2227 1421 2249 ritus
1439 2230 1483 2249 aut
1502 2226 1663 2248 cerem-»nias
1681 2225 1713 2248 nl·
1733 2225 1801 2248 hou).
1821 2226 1959 2249 institutas.

1291 2270 1337 2298 20)
1357 2270 1429 2293 Sicut
1448 2274 1470 2292 ct
1496 2267 1591 2291 Paulus
1612 2282 1640 2285 —-
1669 2276 1719 2291 vnn
1744 2268 1826 2298 ti·lcs,1
1846 2276 1882 2292 tw
1906 2267 1985 2292 Edtu.
2011 2269 2035 2293 3.
2061 2269 2101 2297 ⁴.;
2127 2268 2175 2292 Ed.
2195 2267 2219 2292 ἵ.
2237 2275 2274 2291 =

1361 2303 1409 2328 Ed.
1435 2305 1470 2327 t.:
1490 2303 1563 2327 Sicut
1583 2303 1662 2334 inquit
1682 2302 1790 2332 Paulus,
1812 2303 1869 2327 Vna
1889 2303 1961 2332 tides,

1290 2349 1338 2377 21)
1357 2347 1422 2372 Cum
1441 2352 1526 2370 nutem
1548 2347 1572 2370 in
1593 2347 1641 2370 hm*
1661 2353 1712 2371 vita
1734 2361 1763 2364 —
1784 2361 1815 2365 -—
1842 2349 1976 2378 signorum
1999 2353 2055 2370 rum
2081 2345 2217 2377 Beth-siud
2236 2346 2274 2371 u'e

1361 2382 1440 2405 Editt.
1467 2381 1492 2405 8.
1516 2383 1555 2407 «l.:
1580 2381 1628 2405 Ed.
1657 2383 1679 2405 2,
1700 2391 1733 2404 =
1759 2382 1806 2406 m.
1835 2382 1869 2406 l.:
1895 2383 2047 2413 Quanquam
2072 2381 2189 2405 Eectesia
2214 2388 2272 2413 pm-

1360 2423 1414 2448 prie
1433 2417 1465 2440 sit
1484 2417 1654 2446 congregatio
1674 2421 1834 2445 suin-turum,
1854 2421 1877 2439 ct
1903 2423 1964 2440 vero
1989 2415 2163 2445 credentium,
2187 2420 2273 2441 umen

1360 2459 1417 2476 vum
1438 2452 1462 2475 in
1482 2450 1530 2474 hac
1549 2452 1601 2474 vitu
1621 2451 1693 2474 inulti
1713 2451 1864 2482 hypocrita«,
1884 2456 1907 2474 rt
1927 2451 1986 2475 matt
2006 2451 2112 2474 admixti
2131 2451 2190 2480 sint„

1292 2496 1338 2525 22)
1358 2495 1478 2527 admixti]
1496 2494 1532 2518 uir
1551 2498 1616 2518 rme
1636 2495 1682 2519 lid.
1705 2497 1743 2521 ὼς
1764 2494 1811 2519 Ed.
1831 2494 1855 2519 3.
1875 2498 1971 2527 tyJ-vffr.
1991 2502 2087 2519 errore:
2107 2494 2239 2518 admixta·

1292 2539 1339 2569 23)
1358 2537 1448 2571 Moisil
1467 2538 1502 2562 ’ἐς
1520 2537 1600 2563 Educ.
1621 2537 1645 2562 8.
1666 2539 1704 2564 «t.;
1725 2537 1772 2562 Ed.
1793 2539 1817 2562 2.
1837 2547 1869 2559 =
1889 2537 1938 2561 Ed.
1961 2538 1995 2561 1.:
2016 2537 2083 2562 Most

1293 2583 1340 2611 24)
1361 2581 1467 2606 verbum
1487 2581 1549 2612 Dei]
1570 2583 1605 2605 nic
1625 2581 1705 2607 teatin.
1725 2582 1749 2606 3.
1769 2583 1808 2609 ις
1827 2581 1875 2605 Ed.
1895 2582 1919 2606 2.
1939 2590 1973 2605 =
1992 2580 2041 2605 Ed.
2064 2582 2099 2606 t.=
2120 2581 2227 2605 verhnm

1293 2627 1339 2656 25)
1359 2627 1436 2650 lit-ero
1455 2624 1562 2657 populu]
1584 2633 1620 2649 etc
1639 2624 1718 2649 Etim.
1738 2626 1761 2649 3.
1783 2626 1824 2651 4.;
1844 2625 1892 2650 Ed.
1910 2624 1934 2649 Β.
1955 2634 1988 2646 ==
2009 2625 2056 2649 Ed.
2080 2626 2115 2649 l.:
2135 2625 2213 2649 licen
