2324 2944
158 185 200 216 27

159 277 365 310 incommode
388 274 576 316 loquuntur,
600 275 644 310 96)
654 279 687 304 et
706 272 781 314 quia
794 270 973 308 clamitant,
995 269 1127 300 omnino

158 330 221 353 nos
243 318 322 351 nihil
345 317 456 350 facere
480 326 599 357 posse,
633 314 722 347 aliud
751 313 831 346 nihil
859 314 999 349 docent,
1031 320 1128 352 quam

159 361 391 398 diffidentiam,
414 369 499 402 quae
520 357 622 391 multa
644 364 783 400 peccata
805 356 890 398 parit
912 356 942 387 in
966 352 1128 396 vulgo-⁹⁶)

245 403 408 437 Voluntas
432 402 574 434 humana
597 407 648 433 est
667 401 718 432 vis
741 399 857 437 libera,
881 405 915 430 ut
928 397 1039 429 facere
1051 404 1129 444 P⁰⁵T

159 449 202 481 sit
215 451 259 486 ⁹⁷)
293 447 447 479 iustitiam
482 445 592 477 carnis
621 454 681 476 seu
717 442 870 475 iustitiam
899 440 1042 489 civilem,
1074 438 1129 468 ubi

157 491 233 533 lege
256 497 289 523 et
312 491 343 521 vi
373 489 519 530 cogitur,
553 494 590 519 ut
617 497 683 518 non
714 484 834 521 furari,
868 493 933 515 non
964 481 1129 530 occidere,

157 544 225 566 non
247 531 426 565 moechari.
472 529 596 563 Paulus
626 530 711 561 enim
741 538 813 559 cum
836 525 988 558 iustitiam
1018 532 1128 555 carnis

156 583 268 614 vocat,
292 577 390 606 docet
414 583 492 606 esse
514 573 678 615 quandam
701 571 843 603 iustitiae
865 574 1007 610 partem,
1031 575 1128 607 quam

157 630 238 653 caro
263 624 380 651 coacta
393 620 437 650 9ὃ)
460 617 530 648 suis
552 616 676 647 viribus
698 613 809 651 faciat,
832 611 925 643 Rom.
948 609 979 640 2.
1003 608 1130 639 Gentes

158 670 276 695 natura
304 660 443 697 faciunt,
477 669 562 701 quae
591 657 675 699 legis
703 662 790 688 sunt.
847 653 933 689 Quid
955 657 1063 683 autem
1081 649 1130 682 fa-

158 707 265 743 ciunt,
299 704 361 735 uisi
389 701 519 735 civilem
547 699 722 733 iustitiam?
764 697 873 739 Exigit
899 693 1129 746 autem-Deus

157 748 312 781 iustitiam
336 746 441 783 hanc,
476 745 504 776 l.
528 743 669 775 Timoth.
695 742 722 773 l.
746 741 816 772 Lex
844 745 896 771 est
918 743 1048 769 lmustls
1071 747 1129 778 po-

157 792 232 823 sita.
278 788 356 820 Vult
380 788 473 820 Deus
496 785 668 819 coherceri
695 783 794 816 rudes
825 787 858 814 et
881 781 1048 823 imperitos
1072 780 1130 812 do-

159 834 263 866 ctrina
285 831 380 874 legis.
959 865 967 873 .

242 875 423 915 Propterea
441 873 593 909 doceant,
615 870 648 901 in
670 875 785 901 nostra
807 877 917 906 manu,
940 876 970 897 si
990 871 1130 909 cogatur

157 919 201 957 vi,
224 927 300 950 esse
313 919 356 955 ⁹⁹)
376 925 507 947 carnem
525 912 656 945 frenare
673 919 703 943 et
725 909 852 943 civilem
864 910 1021 942 iustitiam
1035 919 1130 950 prae-

157 968 265 998 stare,
297 965 328 991 et
351 958 523 990 hortentur
553 955 728 998 diligenter
755 954 800 985 ad
827 959 918 985 recte
942 953 1130 991 vivendum,

111 1037 114 1040 ,
157 1004 233 1046 qnia
256 1002 348 1034 Deus
367 1000 453 1032 hanc
476 1009 607 1042 quoque
630 997 785 1030 iustitiam
804 996 906 1039 exigit
928 1001 961 1027 et
983 996 1131 1038 graviter

155 1047 265 1090 puniet
298 1043 385 1082 illos,
414 1043 468 1085 qul
495 1042 579 1074 adeo
614 1039 823 1084 negligenter
855 1039 988 1078 vivunt,
1017 1045 1051 1071 et
1078 1048 1130 1071 so-

155 1089 277 1122 mniant
299 1088 385 1119 hanc
407 1086 561 1118 iustitiam
584 1095 650 1116 non
673 1094 750 1116 esse
771 1084 803 1114 in
825 1087 943 1115 nostra
964 1092 1078 1121 manu,
1101 1082 1131 1113 si

156 1136 400 1173 extorqueatur.
420 1131 477 1165 ¹⁰⁰)
522 1128 564 1160 Et
582 1131 605 1165 ¹)
634 1127 722 1159 sicut
744 1125 816 1158 aliis
840 1125 936 1158 donis
958 1125 1023 1157 Dei
1046 1126 1132 1157 bene

155 1175 203 1208 uti
225 1175 393 1213 debemus,
415 1173 460 1204 ita
482 1171 579 1203 etiam
603 1171 746 1208 viribus,
769 1178 853 1212 quas
874 1169 969 1202 Deus
991 1174 1132 1203 naturae

155 1218 277 1255 tribuit,
300 1217 384 1247 bene
406 1215 452 1247 uti
476 1214 646 1246 debemus.

240 1259 309 1291 Sed
341 1259 403 1290 has
436 1259 526 1290 vires
560 1255 712 1289 diabolus
746 1255 897 1297 impedit,
936 1255 993 1297 qui
1026 1254 1131 1298 agitat

155 1303 257 1336 corda
279 1303 321 1334 ad
343 1301 547 1343 peccandum
570 1306 603 1332 et
625 1299 862 1342 propemodum
874 1299 976 1341 cogit,
997 1298 1031 1329 id
1048 1307 1131 1341 ergo

153 1351 350 1378 moneantur
372 1344 539 1382 homines,
572 1349 607 1375 ut
629 1343 856 1375 accendantur
888 1343 931 1374 ad
954 1342 1131 1383 petendum

155 1388 310 1421 auxilium
328 1398 348 1419 a
371 1387 454 1420 Deo.
504 1387 551 1418 lta
574 1386 667 1419 Deus
690 1386 857 1417 adiuvabit
879 1386 977 1418 etiam
1000 1390 1131 1417 namra-

155 1431 199 1464 lia
221 1432 317 1463 dona.

240 1473 415 1512 Secundo,
437 1471 593 1505 voluntas
616 1472 758 1504 humana
780 1482 848 1504 non
871 1477 924 1503 est
945 1469 1069 1510 libera,
1102 1471 1131 1502 si

157 1518 317 1560 respicias
342 1527 444 1558 opera
461 1514 661 1558 spiritualia,
690 1523 726 1548 ut
749 1525 862 1547 veram
885 1514 983 1547 fidem
1005 1514 1132 1547 habere

156 1571 236 1603 erga
247 1560 364 1596 Deum,
388 1561 554 1603 deponere
567 1559 881 1601 concupiscentiam,
905 1558 957 1590 sui
974 1568 1132 1596 amorem,

157 1610 283 1636 castum
308 1613 373 1635 cor.
389 1605 415 1641 ⁴2)
462 1603 517 1635 Sic
540 1603 626 1635 enim
649 1603 693 1634 ait
706 1601 845 1635 Paulus:
868 1600 1043 1640 Animalis,
1066 1602 1085 1633 i.
1102 1611 1130 1633 e.

157 1646 301 1680 earnalis
334 1646 433 1678 homo
467 1656 534 1678 non
563 1645 703 1688 percipit
735 1655 795 1684 ea,
828 1654 914 1687 quae
943 1644 1007 1676 Dei
1042 1650 1131 1676 sunt.

171 1793 217 1826 96)
237 1798 261 1817 et
280 1794 340 1825 quia
359 1805 390 1810 -
410 1794 435 1817 in
456 1792 545 1825 vulgo]
567 1793 591 1816 in
610 1792 658 1817 Ed.
678 1793 702 1817 2.
722 1793 810 1817 omissa
830 1796 892 1817 sumt.

171 1845 218 1876 97)
237 1845 326 1902 liberii-a,
344 1849 369 1869 ut
389 1844 474 1886 facere
493 1845 584 1879 possit]
606 1845 655 1871 Ed.
675 1845 699 1873 2.
719 1846 757 1871 ita
774 1844 869 1874 libera,
894 1848 921 1868 ut
940 1843 1024 1869 facere
1043 1844 1130 1878 aliquo

242 1887 283 1903 mo
304 1887 319 1901 o
339 1884 419 1910 possnt

172 1931 219 1961 98)
238 1929 340 1961 con-:tal
363 1939 386 1952 m
406 1930 453 1954 Ed.
475 1932 499 1954 2.
520 1930 594 1955 deest.

173 1982 219 2012 99)
239 1984 263 2005 in
284 1987 371 2005 nostra
390 1990 475 2014 manu,
494 1985 515 2007 si
536 1988 643 2017 cogatur
666 1983 700 2013 vi,
720 1982 786 2013 esse]
805 1981 886 2007 Ed.2.
906 1983 931 2006 in
950 1986 1038 2006 nostra
1056 1989 1131 2007 manu

242 2017 325 2047 utiquo
345 2017 422 2040 modo
441 2025 497 2041 esse

157 2068 218 2098 loo)
238 2073 263 2092 ez
280 2070 408 2094 somniant
426 2082 457 2087 —-
478 2068 685 2102 extorquemus-‚1
706 2070 732 2093 m
750 2068 800 2096 Ed.
819 2070 842 2092 2.
864 2068 953 2094 omissa
971 2072 1034 2094 sunt.

191 2121 217 2150 ι)
238 2120 281 2151 ›le
302 2120 348 2144 ed.
369 2122 392 2144 2.
411 2120 478 2146 Nun

191 2172 219 2202 2)
240 2173 369 2203 ris—ponem
390 2174 636 2204 «ὀηεηρίῑιεοῃῐίιὶπι,
657 2173 693 2196 sui
714 2179 836 2200 umorem,
856 2177 952 2195 vastum
964 2170 1028 2203 corz}
1051 2171 1133 2196 E‹l.2.

239 2206 332 2230 habere
353 2215 437 2231 nrum
458 2209 586 2237 timorem,
606 2215 650 2233 cor
671 2212 776 2236 emtum.
796 2208 927 2238 deponere
953 2208 1134 2238 concupiscen-

242 2243 310 2268 tiam.
333 2243 369 2265 sui
389 2250 510 2266 amorem.

594 179 706 212 PHlL.
730 177 832 209 MEL.
855 175 1043 210 SCRIPTA
1065 169 1335 206 DOGMATICA
1356 169 1414 202 ET
1436 169 1708 203 SYMBOLIGA.

2117 169 2163 207 28

1182 265 1275 297 Rom.
1293 264 1325 296 8.
1369 263 1455 306 Legi
1483 263 1548 297 Dei
1580 275 1646 297 non
1676 270 1788 307 potest
1817 264 1948 296 subiici.
1993 265 2084 297 Vera
2106 264 2164 299 illa

1182 306 1364 349 spiritualia
1386 317 1454 339 non
1474 314 1588 349 potest
1617 307 1753 340 efficere
1775 307 1878 346 ratio,
1911 307 2043 341 scilicet
2071 309 2164 343 timo-

1182 360 1250 382 rem
1273 349 1348 390 Dei,
1372 356 1501 382 castum
1524 361 1596 390 cor,
1618 351 1775 394 gaudium
1799 351 1831 381 in
1855 360 1965 383 cruce.
1976 353 2004 389 8)
2049 351 2165 394 Atque

1181 395 1247 425 hoc
1271 399 1323 425 est
1345 394 1486 433 demum,
1520 404 1636 426 veram
1659 393 1882 426 Christianam
1904 394 2061 427 iustitiam
2083 395 2164 429 divi-

1184 436 1272 469 nitus
1294 437 1367 469 acci
1392 437 1523 469 iendam
1546 447 1635 476 esse,
1658 435 1774 469 Civilis
1798 436 1920 469 iustitia
1941 447 2010 469 non
2033 444 2085 470 est
2109 448 2163 470 sa-

1183 479 1226 511 tis
1244 489 1358 512 coram
1415 489 1470 519 eo,
1492 481 1643 523 quamvis
1667 481 1764 513 etiam
1787 478 1882 512 Deus
1905 480 2007 524 exigit
2028 491 2113 514 eam,

1566 599 1629 632 DE
1650 599 1779 632 LEGE.

1269 667 1340 700 Lex
1363 674 1415 700 est
1439 669 1590 701 docenda
1611 675 1749 711 propter
1771 668 1855 701 duas
1879 677 2041 707 caussas3
2063 669 2166 702 habet

1184 711 1270 743 enim
1294 711 1379 744 duos
1409 710 1566 751 effectus,
1600 712 1783 746 cohercere
1811 721 1945 743 carnem
1974 718 2008 744 et
2037 719 2166 746 terrere

1184 755 1432 787 conscientiam.

1269 797 1414 830 Primum
1436 797 1538 841 igitur
1560 798 1713 831 docenda
1736 804 1789 830 est
1811 804 1844 830 et
1866 798 2030 841 urgenda,
2052 803 2088 831 ut
2110 808 2166 832 co·

1182 840 1385 873 herceantur
1407 841 1508 873 rudes
1530 841 1692 880 homines,
1714 842 1806 874 iuxta
1827 839 1926 873 illud:
1949 841 2020 873 Lex
2038 847 2092 875 est
2107 851 2168 884 po-

1183 883 1250 915 sita
1287 888 1425 957 propter
1469 885 1774 926 transgressiones,
1818 883 1947 916 scilicet
1987 885 2168 918 cavendas.

1183 926 1276 966 Item,
1288 928 1318 966 ⁴)
1383 936 1424 958 ex
1453 932 1507 958 est
1535 927 1667 959 iniustis
1695 928 1815 969 posita.
1861 927 1937 960 Non
1964 928 2050 960 enim
2079 927 2169 961 dele-

1185 975 1294 1002 ctatur
1315 968 1410 1001 Deus
1429 969 1494 1001 ista
1517 970 1605 1001 vitae
1627 968 1758 1002 feritate
1779 971 1996 1013 quorundam,
2020 971 2077 1014 qui
2092 981 2169 1004 cum

1183 1013 1360 1052 audierint,
1381 1022 1451 1045 non
1473 1012 1646 1045 iustificari
1661 1013 1691 1055 ⁵)
1718 1014 1846 1045 nostris
1875 1014 2002 1047 viribus
2032 1021 2066 1047 et
2088 1024 2168 1058 ope·

1183 1057 1289 1096 ribus,
1312 1056 1479 1089 somniant
1511 1066 1550 1088 se
1577 1054 1667 1088 velle
1689 1061 1868 1098 expectare
1890 1067 1911 1089 a
1932 1056 2027 1097 Deo,
2061 1058 2170 1091 donec

1185 1098 1370 1138 trahantur,
1393 1099 1522 1132 interea
1538 1099 1655 1132 vivunt
1677 1099 1910 1141 impurissime.
1944 1099 1986 1132 Hi
2008 1099 2170 1135 maximas

1183 1153 1312 1185 poenas
1331 1142 1457 1174 dabunt
1479 1141 1566 1174 Deo.
1623 1145 1704 1175 Sunt
1726 1144 1826 1186 igitur
1847 1143 1948 1176 valde
1969 1143 2169 1186 obiurgandi

1184 1197 1205 1219 a
1226 1185 1426 1218 docentibus
1450 1186 1483 1217 in
1506 1183 1662 1218 ecclesia.

1270 1229 1440 1268 Secundo,
1463 1229 1615 1261 docenda
1637 1234 1691 1261 est
1708 1227 1783 1268 lex,
1805 1234 1842 1262 ut
1852 1234 1980 1262 terreat
1996 1230 2171 1262 conscien-

1184 1273 1261 1312 tias,
1284 1272 1377 1305 iuxta
1400 1271 1501 1304 illud:
1523 1272 1590 1304 Per
1611 1271 1721 1316 legem
1745 1273 1890 1316 cognitio
1913 1274 2063 1315 peccati,
2096 1273 2116 1305 i.
2140 1282 2169 1305 e.

1184 1322 1220 1349 ut
1235 1317 1264 1357 ⁶)
1285 1315 1438 1348 homines
1455 1315 1498 1347 ad
1516 1315 1751 1358 poenitentiam
1768 1321 1944 1355 vocentur,
1969 1322 2002 1352 et
2019 1326 2081 1359 per
2091 1325 2171 1359 poe·

1183 1359 1355 1392 nitentiam
1374 1359 1415 1390 ad
1438 1358 1537 1390 fidem
1561 1364 1593 1391 et
1611 1359 1654 1390 ad
1677 1358 1833 1390 iustitiam
1852 1357 2084 1391 Christianam.

1272 1401 1345 1434 Hos
1369 1402 1454 1434 duos
1479 1401 1617 1434 effectus
1641 1400 1728 1445 leg-is
1757 1403 1800 1433 ob
1830 1400 1948 1434 oculos
1976 1409 2009 1434 et
2037 1403 2071 1435 in
2095 1412 2171 1436 cou-

1184 1450 1305 1489 spectu
1315 1445 1473 1479 habeant.
1501 1445 1555 1484 Hi,
1569 1445 1624 1487 qui
1637 1445 1759 1478 docent
1770 1445 1802 1476 in
1815 1444 1983 1485 ecclesiis,
1996 1445 2172 1489 diligenter

1184 1489 1317 1520 tradant
1341 1489 1525 1521 docuinam
1550 1487 1649 1531 legiS,
1673 1487 1818 1531 alioqui,
1840 1489 1896 1520 ubi
1920 1489 2072 1522 doctrina
2095 1489 2172 1522 fidei

1185 1532 1259 1564 sine
1281 1531 1358 1574 lege
1381 1533 1538 1571 traditur,
1573 1531 1700 1563 infinita
1723 1530 1886 1565 scandala
1909 1532 2079 1572 oriuntur,
2101 1530 2172 1565 vul-

1211 1585 1250 1607 us
1274 1574 1310 1607 fit
1333 1584 1510 1614 securum,
1541 1580 1574 1606 et
1602 1575 1770 1607 somniant
1804 1584 1843 1607 se
1866 1575 1991 1608 habere
2014 1576 2172 1609 iustitiam

1185 1586 1273 1657 fidei,
1297 1618 1373 1660 quia
1390 1619 1554 1657 nesciunt,
1577 1617 1676 1650 fidem
1696 1618 1727 1650 in
1745 1617 1797 1650 his
1814 1623 1941 1650 tantum
1960 1628 2036 1651 esse
2053 1628 2170 1662 posse,

1184 1661 1241 1705 qui
1263 1661 1388 1694 habent
1412 1662 1555 1694 contrita
1577 1671 1639 1704 per
1661 1660 1771 1705 legem
1794 1661 1907 1694 corda.

1591 1722 1708 1754 Amen.
1725 1724 1754 1759 ⁷)

1271 1791 1362 1823 Laus
1386 1790 1473 1830 Deo,
1499 1792 1555 1833 qui
1577 1791 1690 1833 posuit
1712 1791 1799 1824 inter
1820 1800 1916 1823 suam
1938 1791 2021 1823 iram
2049 1796 2083 1824 et
2113 1800 2172 1823 no·

1185 1839 1258 1867 stra
1281 1834 1419 1866 crimina
1441 1835 1657 1867 mediatorem
1680 1832 1811 1867 ihesum
1835 1832 2058 1873 Christum-⁸)

1220 1983 1251 2017 3)
1269 1982 1391 2015 gaudium
1409 1983 1437 2007 in
1455 1980 1554 2015 eruce]
1573 1980 1625 2008 Ed.
1644 1981 1668 2005 2.
1689 1981 1824 2013 gaudium.
1841 1980 1964 2008 fiduciam
1981 1983 2009 2008 in
2026 1989 2111 2010 cuce.

1221 2035 1251 2068 4)
1271 2035 1327 2061 Lex
1346 2038 1387 2060 est
1403 2034 1490 2066 posite
1508 2047 1542 2052 —
1559 2033 1645 2066 Item}
1666 2034 1692 2060 i·
1709 2033 1760 2059 Ed.
1780 2033 1805 2058 2.
1825 2034 1916 2060 σπη’-ο
1933 2037 1997 2061 m.

1221 2087 1251 2120 ⁶)
1271 2085 1420 2118 iustificari]
1441 2084 1491 2110 Ed.
1510 2085 1535 2109 ἳ-
1553 2085 1688 2110 iustificari
1706 2093 1754 2110 uos

1221 2139 1250 2172 6)
1269 2138 1309 2174 ιη’]
1328 2139 1354 2163 ὑι
1373 2137 1423 2163 Ed.
1444 2138 1466 2162 2.
1487 2137 1561 2163 deest.

1223 2190 1253 2223 7)
1273 2189 1378 2223 Amcm]
1400 2190 1448 2214 Ed.
1468 2191 1491 2214 2.
1511 2189 1590 2215 Finis.

1223 2243 1252 2273 8)
1271 2242 1339 2267 Laus
1358 2241 1415 2267 Deo
1437 2256 1468 2260 —
1489 2241 1645 2274 Christum]
1664 2250 1689 2266 m
1707 2242 1755 2267 Ed.
1776 2243 1800 2267 ².
1821 2250 1910 2267 omum
1928 2247 1992 2267 eunt.
