2324 2944
153 191 218 225 119
601 191 714 224 Pflu..
738 191 841 224 MEL.
862 190 1050 224 SCRIPTA
1071 187 1343 223 DOGMATICA
1363 186 1421 221 ΕΤ
1443 187 1714 222 Smenos.
2100 190 2164 228 m

308 287 342 318 in
366 287 417 317 bis
439 287 545 316 decem
568 286 654 316 libris
678 297 721 316 nr.
746 289 860 316 4—13.
884 286 1046 315 recensitis
1065 285 1171 323 integri
1194 285 1231 313 15
1250 281 1367 313 articuli
1389 281 1561 314 afferuntur.

266 398 278 428 ι
308 354 433 385 Praeter
450 354 506 384 has
529 355 627 384 varias
638 353 798 385 Editiones
823 353 1014 384 articulorum
1032 352 1134 391 lingua
1147 350 1327 381 Germaniae
1345 352 1512 392 superioris
1536 352 1715 391 scriptorum
1739 351 1950 382 memorandae
1973 357 2045 383 sunt
2062 363 2164 383 eorum

151 403 259 431 trans
283 399 436 429 stiones

307 503 334 522 a.
358 493 387 522 in
411 491 574 531 linguam
595 490 825 520 Germaniae
848 488 1062 518 inferioris.

307 577 392 607 Haec
413 576 571 607 translatio
594 576 754 614 inscripta:

361 637 430 668 &Bes
456 638 498 674 fiet
518 637 555 666 53.
576 637 666 666 wion.
688 635 787 672 &ittet
806 644 840 663 ac.
861 639 917 668 mot
935 633 1061 668 bustric!
1079 633 1223 670 3mingiin
1243 642 1276 662 κ.
1294 634 1339 663 bet
1359 635 1556 672 tmibredytigen
1577 635 1689 665 mrticffl
1710 635 1824 670 bulum,
1845 636 1995 673 norcffltgn
2018 639 2086 666 nube
2104 643 2168 666 not-

404 682 473 714 iifet,
493 689 526 714 cp
545 684 591 709 rer
611 679 797 709 Gonuocutien
818 676 864 711 (βο
885 677 1031 714 mititiam-g,
1053 678 1098 706 Dee
1117 677 1239 706 brunnen
1258 677 1342 714 bugefi
1360 676 1496 708 DetoBriss
1516 679 1560 707 ‘lli-
1576 677 1614 708 S).
1627 679 1736 712 aeaeaae.
1755 677 1839 714 (siue
1857 676 1917 706 ioci
1937 681 1968 707 et
1986 677 2165 718 typographi

402 723 535 759 nomine)
562 724 578 749 4
603 720 666 749 soll.
689 722 726 749 8⁰
748 718 812 755 (sol.
835 720 866 747 1b
888 728 957 758 sqq.
985 722 1064 748 cont.
1093 720 1130 748 15
1155 717 1299 747 articulos
1322 718 1369 748 sic
1392 719 1574 758 inscriptos:
1599 721 1693 757 metiar
1713 723 1792 757 bima
1812 723 1962 758 ges-areum
1983 721 2085 752 ’ztrnret
2104 722 2168 760 beb-

402 767 451 795 ben
471 766 512 801 tic!
531 769 559 794 Pe
584 765 626 793 bit
646 768 727 792 nuber
748 764 898 800 geimreuen
920 762 966 797 tbo
986 763 1124 799 ffliarBorg
1147 763 1287 792 vorlitent.
1308 762 1348 797 iii.
1375 762 1511 792 Dttnbrifi
1530 763 1613 793 mmm
1632 764 1738 797 aeaesae.
1758 762 1886 793 Articuli
1907 765 1924 793 8
1937 764 2042 793 -12,
2065 767 2097 793 et
2118 767 2166 795 15.

402 808 514 837 habent
536 805 707 845 peculiares
733 805 955 844 inscriptiones.
1002 803 1033 833 in
1054 804 1111 833 fine
1136 803 1242 833 decem
1261 802 1484 843 'l'heologorum
1510 806 1630 835 nomina
1653 807 1829 846 subscripta
1853 809 1950 844 sunt.)

151 867 233 898 edita
251 871 299 897 est
317 877 335 896 a
357 866 432 896 ioh.
458 865 577 895 Gotti.
602 864 778 894 WVaitero
798 865 826 893 in
850 863 870 893 l.
896 866 1037 903 &rgfiugte
1056 867 1109 894 uui*
1130 865 1280 901 netbess'erte
1303 865 1477 897 mastichen
1498 873 1550 895 nou
1569 869 1619 896 hen
1637 867 1732 906 ssegten
1746 867 1851 906 &buten
1872 870 1926 897 unt·
1940 867 2169 903 ssebenflqeftbtdp-

81 942 90 950 ,
150 916 194 942 ten
215 913 260 941 tc&
281 912 374 947 feiigen
395 910 433 940 Φ.
452 909 567 942 Putem}
586 908 673 946 (Sena
698 909 787 936 1749.
810 909 859 940 4⁰)
884 906 916 935 P.
936 905 956 936 Ι.
977 911 1053 936 sect.
1071 910 1096 936 1.
1121 916 1148 936 c.
1164 908 1190 936 2.
1214 916 1244 946 p.
1260 908 1396 937 28—33.
1415 907 1577 946 adscriptis
1599 909 1785 939 variantibus
1808 909 1991 939 lectionibus
2015 908 2168 940 Editionis

149 952 290 983 ienensis
312 952 447 992 Operum
476 950 601 980 Lutheri
631 954 722 989 atque
756 949 886 990 exempli
917 950 945 979 in
976 949 1146 988 Hottingeri
1170 949 1306 980 Historia
1329 949 1542 979 ecclesiastica
1580 952 1689 981 recusi.
1744 951 1852 982 Editor
1892 956 1991 982 tamen
2024 963 2061 982 eo
2081 956 2168 988 errat,

149 996 232 1036 quod
254 1006 283 1035 p.
309 996 358 1024 27.
378 996 524 1034 opinatur,
549 993 626 1023 hanc
648 992 877 1023 translationem
897 1003 971 1023 esse
994 991 1211 1032 autographum
1231 992 1381 1031 Theoiogi
1400 992 1553 1022 Helvetici
1577 1003 1615 1023 ex
1637 993 1700 1024 iilis
1723 995 1752 1024 iu
1775 997 1833 1024 fine
1848 995 1952 1025 horum
1973 995 2166 1026 articulorum

150 1038 345 1079 subscriptis,
370 1038 420 1077 qui
444 1047 499 1066 eos
522 1047 580 1066 suo
599 1036 743 1066 idiomate
767 1037 933 1076 scripserit,
952 1036 981 1065 id
1006 1036 1088 1075 quod
1111 1037 1167 1065 iam
1188 1036 1336 1066 Riederer
1357 1035 1378 1065 l.
1398 1035 1418 1065 i.
1445 1035 1477 1065 T.
1497 1035 1548 1066 lv.
1573 1047 1602 1076 p.
1624 1037 1684 1067 426
1704 1047 1752 1076 sq.
1776 1037 1924 1068 refutavit.

303 1131 337 1166 b.
360 1132 388 1161 in
412 1131 577 1170 linguam
601 1129 768 1159 latinam.

305 1215 338 1247 ln
362 1216 440 1246 hanc
462 1216 595 1255 linguam
620 1214 754 1244 translati
780 1214 808 1244 bi
833 1214 948 1244 articuli
969 1214 1147 1244 exhibentur
1170 1215 1198 1244 in
1219 1214 1306 1245 hisce
1329 1215 1429 1245 libris:

358 1280 385 1307 1.
406 1277 434 1306 in
458 1275 554 1305 Phil.
577 1274 896 1305 Melancbthonis
921 1272 1070 1304 Consiliis
1104 1276 1172 1304 siue
1203 1273 1326 1305 iudiciis
1355 1275 1538 1314 theologicis
1570 1279 1627 1306 etc.
1657 1276 1795 1306 collectis
1823 1281 1854 1305 et
1882 1276 1974 1305 editis
1996 1275 2105 1317 [studio
2136 1279 2168 1307 et

398 1329 489 1359 opera
509 1317 734 1358 Christopb.
755 1317 903 1347 Pezeiii
927 1317 1101 1356 (Ncustadii
1126 1318 1206 1357 apud
1226 1317 1376 1349 haeredes
1395 1319 1493 1349 wilh.
1516 1318 1658 1349 Harnisii.
1683 1319 1726 1349 M.
1740 1317 1807 1351 DC.
1828 1322 1878 1356 80)
1901 1329 1928 1358 p.
1944 1319 2091 1353 82—86„
2114 1319 2166 1349 ubi

402 1365 438 1392 14
459 1361 573 1391 articuli
597 1361 837 1401 Marpurgenses
861 1361 992 1400 (omisso
1016 1360 1142 1391 articulo
1165 1359 1263 1396 xlv„
1283 1366 1465 1402 quapropter
1482 1362 1628 1392 articulus
1652 1361 1726 1393 XV.
1751 1363 1885 1402 signatur
1914 1362 2053 1391 decimus
2083 1372 2167 1401 quar-

397 1408 462 1443 tus)
480 1404 574 1435 latine
597 1408 805 1444 proporuntur
824 1404 871 1434 sic
894 1404 1046 1443 inscripti:
1067 1403 1183 1443 Capita
1207 1404 1246 1433 de
1269 1405 1378 1444 quibus
1397 1406 1540 1435 convenit
1559 1405 1728 1445 illm-puryi
1749 1407 1832 1435 inter
1856 1404 1898 1434 D.
1920 1403 2106 1439 Lutlzerum,
2134 1407 2165 1434 et

395 1448 469 1478 huic
492 1448 678 1478 adiunctos:
702 1446 745 1476 Ee
771 1446 1048 1486 Oecolampaclium
1070 1451 1100 1477 et
1123 1447 1312 1487 Zuinylium,
1330 1451 1361 1478 et
1383 1449 1438 1488 qni
1456 1459 1523 1478 cum
1545 1447 1595 1478 lu‘s
1614 1449 1749 1486 filerunt.
1778 1447 1907 1478 Articuli
1921 1447 2006 1479 Vffl.
2031 1446 2087 1479 IX.
2107 1446 2163 1479 XI.

394 1490 464 1523 Xii.
489 1496 519 1521 et
537 1491 610 1522 XV.
629 1491 674 1530 (h.
694 1490 811 1521 LXIV.
831 1491 926 1530 sign.)
949 1490 1060 1520 habent
1083 1490 1254 1531 peculiares
1277 1491 1500 1531 inscriptiones.

352 1549 382 1578 2.
401 1549 430 1578 in
454 1547 651 1587 Rodoiphi
675 1547 909 1587 Hospiniani
932 1546 1087 1576 Historiae
1106 1547 1358 1577 sacramentariae
1381 1545 1473 1578 Parte
1486 1546 1523 1580 ii.
1547 1546 1921 1586 (Geueva01681.Fol.)‚
1946 1548 1975 1576 in
1990 1557 2049 1586 qua
2061 1557 2090 1586 p.
2104 1549 2162 1578 119

396 1601 466 1631 sqq.
490 1590 529 1620 de
553 1590 705 1629 colloquio
720 1589 934 1630 Mar-purgeusi
957 1590 1088 1629 eiusque
1107 1591 1184 1620 actis
1207 1590 1325 1625 dicitur,
1349 1594 1442 1630 atque
1454 1594 1497 1630 (p.
1514 1591 1573 1620 123
1587 1594 1675 1630 sqq.)
1698 1600 1818 1620 summa
1832 1591 1900 1620 eius
1919 1589 2110 1624 adscribitur,
2133 1592 2168 1620 ut

395 1638 446 1664 est
469 1644 487 1663 a
509 1633 710 1673 Rodoipho
736 1630 912 1668 Collino,
935 1632 1069 1662 Schoiae
1092 1631 1253 1673 Tigurinae
1274 1632 1469 1668 professore,
1494 1635 1545 1674 qui
1568 1638 1599 1664 et
1622 1635 1689 1674 ipse
1714 1644 1782 1664 cum
1806 1633 1945 1673 Zuinglio
1970 1633 2165 1672 iiiarpurgum

393 1677 560 1718 profectus,
584 1676 740 1715 colloquio
765 1675 835 1705 huic
859 1675 1008 1711 interfuit,
1039 1675 1159 1706 eodem‘
1178 1681 1208 1706 et
1230 1676 1298 1707 ioco
1318 1680 1350 1707 et
1374 1681 1509 1717 tempore
1532 1677 1561 1706 in
1584 1678 1748 1706 memoriae
1771 1676 1943 1707 subsidium
1962 1676 2095 1706 breviter
2116 1685 2166 1706 ex-

395 1724 483 1760 cepta
505 1724 536 1750 et
559 1721 749 1760 consignata.
795 1718 828 1749 ln
852 1719 909 1749 hac
932 1719 1079 1749 relatione
1098 1729 1126 1760 p.
1144 1721 1200 1749 127
1222 1730 1270 1759 sq.
1296 1721 1403 1759 integri
1430 1723 1468 1750 15
1493 1719 1610 1750 articuli
1634 1719 1727 1749 iatine
1750 1719 1918 1750 reseruntur
1941 1719 1989 1749 sic
2012 1719 2165 1758 inscripti:

394 1763 532 1793 Articuli
554 1773 635 1797 vero,
660 1763 700 1793 de
724 1762 835 1803 quibus
857 1764 1001 1802 utrinque
1024 1764 1231 1802 consentiunt,
1253 1762 1287 1792 lu'
1308 1766 1389 1794 sunt.
1436 1762 1556 1803 Singuli
1580 1763 1698 1793 articuli
1719 1763 1966 1803 inscriptionibus
1991 1765 2101 1792 carent.

353 1822 382 1850 3.
403 1821 431 1849 in
455 1819 556 1850 Huid
568 1820 636 1849 rici
660 1818 831 1858 Zuinglii
851 1819 994 1858 operibus
1018 1830 1036 1848 a
1057 1817 1173 1848 Melch.
1192 1818 1341 1849 Schulero
1366 1823 1397 1849 et
1419 1817 1460 1848 io.
1481 1818 1700 1848 Schultbessio
1721 1819 1813 1849 editis
1824 1817 1896 1848 Vol.
1911 1817 1979 1851 iV..
2003 1817 2085 1858 quod
2097 1827 2165 1848 con-

395 1864 470 1893 tinet
493 1862 652 1893 latinorum
676 1863 858 1902 scriptorum
884 1861 1002 1891 Partem
1024 1861 1058 1892 ll.
1083 1861 1197 1899 (Turici
1225 1865 1316 1892 1841.
1339 1864 1375 1892 8⁰
1397 1862 1490 1900 mai),
1514 1862 1564 1892 ubi
1584 1872 1614 1902 p.
1632 1864 1690 1892 173
1703 1872 1774 1902 sqq.
1797 1862 1836 1891 de
1860 1861 2013 1899 colloquio
2032 1861 2166 1900 Marpur·

396 1907 483 1945 gensi
502 1906 666 1936 relationes
689 1905 783 1935 latine
803 1906 934 1944 scriptae
958 1916 995 1935 ex
1019 1905 1072 1935 ilio
1092 1905 1326 1945 iiospiniani
1346 1905 1423 1935 libro
1448 1904 1643 1939 exhibentur,
1668 1909 1698 1935 et
1719 1915 1748 1945 p.
1773 1907 1828 1935 181
1851 1914 1900 1943 sq.
1925 1903 1968 1933 ilii
1994 1903 2060 1933 XV
2078 1904 2165 1933 Arti-

397 1949 461 1979 mli
484 1950 591 1979 iisdem
615 1950 721 1979 verbis
746 1948 839 1978 iatine
863 1949 1034 1983 afferuntur,
1054 1949 1165 1988 quibus
1185 1959 1212 1988 p.
1233 1951 1288 1979 183
1302 1958 1350 1988 sq.
1375 1952 1464 1979 notae
1487 1948 1620 1988 Zuingiii
1644 1948 1682 1977 ad
1706 1958 1761 1978 eos
1780 1956 1915 1978 annexae
1938 1949 2027 1977 sunt.'

355 2007 384 2035 4.
405 2007 433 2035 in
454 2005 541 2035 Dav.
558 2004 611 2035 Ch
621 2010 681 2045 ytr
691 2005 753 2034 aei
768 2004 902 2034 Historia
915 2005 1112 2044 Augustanae
1125 2003 1342 2035 Confessionis
1357 2004 1464 2044 [iatine
1476 2005 1614 2044 scriptal.
1627 2005 1656 2033 in
1669 2007 1796 2044 utraque
1806 2003 1864 2033 Ed.
1879 2012 1973 2042 supra
1984 2012 2014 2042 p.
2028 2005 2084 2032 103
2094 2012 2163 2042 sqq.

397 2050 557 2081 recensita.
576 2059 606 2088 p.
622 2050 815 2082 6⁴3-6443„
840 2048 889 2076 ubi
913 2049 959 2077 sic
984 2049 1118 2087 inscripti
1137 2052 1223 2078 sunt:
1248 2047 1299 2077 De
1321 2047 1515 2088 sequentibus
1538 2047 1681 2077 articulis
1703 2047 1898 2086 Mar-puerque
1917 2047 2062 2076 conuenit
2084 2047 2168 2075 inter

397 2101 461 2130 eos,
478 2094 533 2131 qui
555 2093 678 2121 nomina
701 2102 758 2120 sua
782 2091 1042 2131 subscripserunt,
1062 2091 1126 2121 Dte
1150 2094 1178 2122 3.
1204 2090 1361 2125 Octobris,
1384 2092 1477 2121 Anno
1500 2092 1591 2122 1529.
1637 2089 1758 2130 Singuli
1781 2089 1899 2120 articuli
1919 2089 2030 2119 nullam
2054 2087 2167 2119 babent

397 2136 639 2174 inscriptionem:
664 2145 766 2165 eorum
792 2135 932 2164 decimus
957 2139 1082 2174 quartus
1105 2135 1241 2165 omissus
1259 2139 1318 2175 est,
1337 2138 1521 2174 quapropter
1543 2133 1682 2164 decimus
1706 2135 1829 2173 quintus
1858 2137 1998 2172 tanquam
2029 2132 2167 2162 decimus

397 2182 522 2218 quartus
543 2179 688 2217 signatur.

357 2237 384 2265 5.
404 2236 432 2264 in
459 2234 598 2265 Abrab.
622 2233 803 2263 Sculteti
830 2233 990 2263 Annalium
1015 2233 1172 2273 Evangelii
1192 2234 1317 2264 Decade
1340 2232 1375 2263 il.
1395 2232 1634 2273 (Heidelbergae
1657 2233 1747 2264 1620.
1773 2233 1822 2263 8⁰)
1846 2242 1875 2272 p.
1890 2232 2087 2264 229—233..
2115 2231 2166 2261 ubi

399 2279 469 2307 item
494 2282 608 2308 tantum
626 2281 661 2307 1⁴
677 2276 792 2307 articuli
817 2276 996 2307 exhibentur
1019 2279 1086 2307 sine
1110 2277 1172 2307 uila
1195 2278 1413 2317 inscriptione).
1437 2281 1468 2307 et
1492 2277 1520 2306 in
1545 2275 1663 2306 Herm.
1688 2285 1758 2305 von
1783 2275 1850 2305 tier
1874 2274 1992 2305 Hardt
2013 2273 2168 2304 Historiae

398 2321 548 2351 literariae
573 2320 810 2352 Reformationis
830 2319 1029 2358 (Francosurti
1054 2325 1083 2350 et
1107 2320 1232 2361 Lipsiae
1255 2323 1345 2351 1717.
1369 2319 1452 2358 1·ὀΙ.)
1475 2318 1565 2350 Parte
1589 2318 1640 2353 V..
1672 2329 1750 2358 quae
1780 2318 1909 2349 Sculteti
1935 2317 2071 2348 Annales
2098 2327 2167 2347 cum

399 2364 516 2395 Hardtii
536 2363 758 2394 introductione
781 2373 820 2393 ex
839 2362 920 2393 Edit.
942 2363 1137 2403 Heidelberg.
1167 2367 1255 2395 1618.
1281 2364 1430 2397 continet.
1459 2363 1509 2393 ubi
1530 2373 1558 2402 p.
1578 2365 1634 2392 1413
1648 2373 1693 2401 sq.
1718 2362 1808 2392 iidem
1832 2365 1868 2392 14
1887 2360 2002 2392 articuli
2026 2361 2108 2399 (sine
2127 2362 2167 2391 in-

399 2409 632 2447 scriptionibus)
656 2407 805 2446 leguntur.

358 2466 387 2493 6.
407 2464 435 2493 in
461 2462 536 2536 10⁴1..
556 2463 666 2537 Ηέὶιιῐ.
687 2463 911 2502 Hottingeri
936 2462 1090 2493 Historiae
1119 2463 1350 2494 ecclesiastieae
1373 2461 1451 2492 Novi
1477 2460 1667 2492 Testamenti
1691 2460 1727 2493 T.
1749 2460 1815 2493 Vii.
1845 2459 1963 2500 mgni
1993 2461 2084 2490 ¹666.
2116 2460 2167 2497 8⁰)

401 2517 428 2546 p.
454 2510 490 2536 ⁴4
517 2510 577 2536 -4
606 2516 632 2537 ·.

358 2565 386 2594 7.
407 2563 434 2592 in
461 2561 536 2592 Viti
569 2562 707 2592 imdov.
742 2571 760 2592 a
789 2561 1034 2592 Seckendort'
1065 2561 1289 2593 Commentario
1318 2561 1357 2592 de
1386 2560 1621 2592 Lutberanismo
1652 2559 1726 2595 (Ed.
1751 2562 1779 2590 ⁶2.
1815 2559 1942 2600 Lipsiae
1966 2560 2056 2590 1694.
2085 2557 2167 2596 For)

402 2605 484 2635 Libri
498 2603 531 2635 ii.
551 2610 627 2637 sect.
645 2609 691 2636 17.
713 2605 735 2645 ἦ,
755 2608 804 2636 47.
829 2615 856 2646 p.
882 2608 961 2640 138„
987 2605 1037 2635 ubi
1067 2609 1100 2635 1⁴
1122 2605 1238 2636 articuli
1262 2607 1303 2636 ita
1324 2605 1504 2640 afferuntur,
1538 2609 1569 2635 ut
1594 2604 1732 2635 decimus
1756 2604 1892 2645 quintus,
1910 2603 1962 2643 qui
1984 2601 2013 2634 b.
2035 2600 2058 2636 Ι.
2088 2600 2165 2632 (ieci-

402 2659 469 2679 rnus
493 2653 617 2689 quartus
640 2648 823 2690 appellatur,
841 2649 968 2688 integer,
992 2653 1157 2679 ceterorum
1182 2659 1252 2680 vero
1281 2651 1393 2681 1-13.
1417 2652 1529 2679 tantum
1552 2658 1670 2678 summa
1688 2646 1780 2678 iatine
1802 2649 1994 2688 proponatur.
