2324 2944
484 784 544 859 Ι.
636 782 959 859 LIBRI
1016 759 1758 859 VISITATORII

609 907 877 950 AUCTORE
910 906 1172 948 PHILIPPO
1206 906 1614 949 MELANTHONE.

311 1052 443 1092 Scriptis
462 1052 642 1091 dogmaticis
665 1052 757 1082 huius
779 1051 928 1084 auctoris,
953 1058 1033 1088 quae
1056 1050 1085 1078 in
1108 1048 1192 1078 volt.
1216 1048 1447 1080 xxi—xxiii.
1472 1050 1564 1086 edidi,
1589 1052 1700 1091 iisque,
1720 1061 1799 1091 quae
1822 1053 1851 1082 in
1869 1052 1964 1083 hocce
1976 1051 2049 1082 Vol.
2068 1062 2120 1082 ex-

103 1097 227 1131 hibebo,
246 1097 275 1125 in
299 1095 384 1125 Voll.
402 1094 518 1126 XXlV.
541 1099 571 1124 et
592 1093 694 1125 XXV.
738 1093 899 1123 Postillam
921 1091 1208 1127 Melanthonianam‚
1232 1103 1311 1131 quae
1333 1093 1372 1122 ad
1394 1103 1487 1132 opera
1505 1095 1663 1133 exegetica
1685 1096 1826 1134 pertinet,
1850 1106 1916 1126 eam
1936 1097 1975 1126 ob
1999 1105 2121 1126 causam

105 1140 282 1179 interposui,
303 1139 384 1177 quod
403 1138 441 1168 ad
465 1138 570 1172 libros,
591 1147 669 1176 quos
693 1136 755 1166 hoc
774 1136 846 1165 Vol.
872 1135 1046 1169 continebit,
1070 1135 1209 1165 edendos
1228 1136 1373 1166 nonnulla
1394 1136 1578 1166 adminicula
1599 1140 1671 1167 tunc
1691 1138 1916 1174 desideraban13
1941 1143 2123 1179 quapropter

104 1182 188 1211 illam
212 1181 382 1213 postillam.
407 1189 495 1218 quarn
518 1180 547 1208 in
572 1180 713 1210 extremis
738 1179 829 1209 huius
852 1177 997 1218 Corporis
1020 1177 1238 1209 voluminibus
1265 1179 1357 1209 edere
1379 1179 1590 1215 decreveram,
1618 1181 1702 1220 prius
1727 1182 1810 1221 typis
1835 1183 2028 1212 exscribendi
2053 1193 2122 1212 con-

102 1223 205 1253 silium
221 1224 297 1262 cepi,
321 1232 359 1252 ne
373 1222 463 1252 huius
477 1221 620 1262 Corporis
639 1222 770 1252 celerius
789 1221 986 1262 promovendi
1001 1222 1087 1257 ratio,
1111 1221 1212 1261 qualis
1231 1222 1331 1252 adhuc
1349 1226 1422 1257 erat,
1446 1223 1624 1253 retardando
1643 1228 1820 1262 mutaretur,
1843 1235 1984 1265 sperans,
2003 1234 2121 1265 aequos

103 1267 232 1301 iudices,
256 1266 307 1305 qni
331 1265 526 1295 difficultates
550 1265 655 1296 horum
678 1266 820 1295 librorum
844 1265 1029 1295 edendorum
1058 1266 1271 1304 cognoverint,
1301 1266 1436 1295 ordinem
1459 1267 1901 1309 scriptorumtdogmaticorum
1927 1268 2058 1298 Postilla
2080 1269 2120 1298 in-

102 1313 267 1349 terruptum
287 1310 325 1338 oh
349 1308 431 1338 illam
455 1318 578 1339 causam
603 1309 682 1340 haud
706 1310 934 1349 improbaturus

310 1394 423 1425 Libros
447 1395 635 1435 dogmaticos
659 1406 694 1425 ac
723 1395 912 1436 symbolicos
936 1405 1015 1425 nunc
1045 1394 1144 1424 denuo
1168 1394 1306 1425 edendos
1336 1395 1525 1426 exordiamur
1546 1408 1564 1426 a
1583 1395 1690 1426 Libris
1712 1390 1924 1433 'visitator-iis,
1956 1399 1985 1428 iu
2009 1399 2122 1437 quibus

105 1437 281 1469 Melanthon
304 1438 459 1468 doctrinae
483 1439 678 1479 evangelicae
696 1449 843 1469 summam
865 1439 1030 1479 perspicua
1051 1438 1197 1468 brevitate
1217 1438 1395 1478 complexus
1416 1443 1475 1469 est.
1520 1438 1688 1479 Postquain
1713 1441 1793 1470 enim
1815 1439 1971 1471 Lutherus
1991 1441 2061 1471 inde
2084 1442 2122 1471 ab

104 1491 182 1512 auno
209 1483 301 1512 1525.
324 1492 343 1511 a
365 1480 497 1512 Iohanne
521 1481 662 1522 Principe
685 1482 827 1513 Electore
850 1483 964 1512 Saxon.
984 1482 1090 1511 itertun
1113 1482 1283 1521 iterumque
1301 1483 1444 1522 petierat,
1469 1485 1502 1512 ut
1530 1482 1729 1513 ecclesiarum
1752 1484 1959 1514 visitationem
1986 1485 2123 1514 institue·

105 1529 159 1560 ret,
183 1525 304 1555 tandem
323 1535 401 1554 anno
425 1526 514 1558 1595.
537 1537 645 1556 mense
667 1524 755 1562 lulio,
778 1526 930 1556 Electoris
956 1526 1054 1559 iussu,
1078 1525 1107 1554 in
1131 1523 1297 1564 Thuringia
1320 1526 1441 1566 incepta
1464 1529 1513 1556 est
1526 1527 1558 1564 ²⁸)
1581 1527 1750 1556 secundum
1770 1528 1999 1557 instructionem
2018 1528 2123 1558 visita-

104 1569 222 1598 toribus
246 1569 356 1598 datam.
370 1569 420 1607 **)
455 1569 498 1599 Ut
519 1568 596 1599 haec
619 1579 669 1599 res
693 1571 814 1599 maximi
837 1569 981 1599 momenti
1005 1570 1083 1598 bene
1105 1568 1294 1607 procederet,
1318 1573 1410 1608 atque
1433 1569 1580 1598 docentes
1611 1570 1640 1599 in
1672 1570 1816 1600 ecclesiis
1840 1570 1944 1600 harum
1967 1572 2123 1610 regionum

103 1616 186 1642 certo
205 1612 328 1643 scirent,
353 1612 426 1651 quid
449 1613 537 1652 sequi
557 1613 713 1648 deberent,
737 1623 798 1643 neu
821 1613 942 1642 diversa
966 1615 996 1641 et
1018 1611 1216 1641 dissentanea
1233 1612 1429 1646 traderentur,
1449 1612 1639 1642 Melanthoni
1658 1613 1696 1643 ab
1708 1613 1852 1644 Electore
1875 1614 2048 1644 mandatum
2062 1617 2120 1648 est.

102 1658 136 1685 ut
154 1654 320 1692 formulam
343 1654 508 1685 doctrinae
529 1666 568 1685 ac
590 1657 703 1686 rituum
727 1656 939 1686 conscriberet.

311 1741 378 1777 Quo
402 1741 490 1771 iussu
513 1744 683 1772 commotus
706 1741 883 1772 Melanthon
916 1742 976 1771 duo
1002 1742 1126 1781 scripsit
1148 1741 1343 1781 compendia,
1372 1742 1402 1771 in
1432 1742 1545 1781 quibus
1569 1741 1724 1772 doctrinae
1755 1743 1950 1782 evangelicae
1973 1752 2123 1773 summam

106 1782 284 1822 complexus
308 1788 367 1817 est,
391 1794 482 1813 unum
507 1785 630 1814 brevius
653 1785 759 1820 latine,
782 1785 907 1815 alterum
932 1784 1052 1824 plenius
1075 1786 1260 1824 yet-monice.
1305 1784 1474 1824 Utriusque
1497 1785 1564 1814 libri
1584 1787 1767 1815 mentionem
1786 1786 1860 1815 facit
1877 1787 1906 1816 in
1930 1786 2063 1826 epistola
2084 1785 2123 1816 ad

106 1824 207 1855 loach.
231 1824 435 1856 camerarium
455 1826 484 1856 d.
499 1829 548 1857 20.
573 1826 650 1857 Dec.
675 1829 765 1858 1527.
789 1828 859 1857 data
882 1829 924 1866 (in
945 1827 1035 1857 huius
1060 1827 1152 1867 Corp.
1171 1828 1244 1858 vol.
1267 1827 1290 1858 I.
1313 1838 1343 1868 p.
1364 1831 1451 1867 919.)
1471 1827 1558 1858 hisce
1581 1829 1700 1858 verbis:
1733 1829 1897 1864 „Libellus
1926 1829 1996 1865 ille,
2032 1839 2124 1869 quem

105 1869 155 1898 edi
177 1868 313 1908 postulat
335 1869 536 1909 Spenglerus,
561 1874 611 1900 est
633 1871 662 1900 in
686 1871 765 1906 aula,
790 1875 830 1906 et,
850 1874 882 1901 ut
905 1871 1016 1911 opinor,
1042 1871 1156 1901 edetur.
1204 1870 1336 1908 Quidam
1359 1871 1440 1901 alius
1464 1871 1588 1907 similis,
1613 1872 1672 1901 sed
1694 1873 1813 1902 brevior
1826 1872 1980 1912 aliquanto
1998 1872 2122 1907 latinus,

105 1912 225 1941 minime
249 1913 277 1940 in
298 1911 356 1941 hoc
378 1917 411 1942 ut
435 1913 575 1943 ederetur
598 1915 745 1954 scriptus,
780 1915 978 1952 Witebergae
996 1924 1045 1943 me
1068 1915 1165 1944 inscio
1185 1924 1318 1945 excusus
1338 1919 1402 1950 est,
1433 1925 1523 1954 quem
1555 1915 1629 1945 nihil
1655 1915 1759 1947 dubito
1788 1915 1823 1945 ad
1849 1926 1906 1945 vos
1929 1917 2119 1956 pervenisse.

103 1954 188 1984 Nihil
211 1954 312 1990 hahet,
336 1956 395 1985 nisi
420 1956 571 1995 quandam
594 1957 740 1997 puerilem
766 1957 943 1997 κατήχησιν,
973 1962 1006 1987 ut
1035 1958 1076 1987 ita
1103 1958 1217 1993 dicam,
1247 1956 1439 1989 Christianae
1462 1958 1629 1997 religionis.
1674 1958 1714 1989 Et
1737 1963 1836 1989 tamen
1861 1958 1912 1989 hic
1939 1963 1999 1989 tam
2022 1960 2124 1989 brevis

104 1997 228 2027 libellus
248 2008 326 2037 quas
348 1999 522 2039 tragoedias
545 2001 702 2030 excitavit!
750 2000 933 2041 Composuit
955 2001 1078 2041 quidam
1101 2011 1119 2030 e
1137 2002 1251 2032 nostris
1265 2003 1335 2041 “³⁷5
1364 2003 1558 2041 peracerbum
1581 2012 1658 2032 sane
1682 2012 1840 2032 censuram
1866 2004 1894 2032 in
1919 2002 1950 2032 id
1968 2003 2122 2042 scriptum.

103 2039 145 2071 Et
168 2045 294 2081 expecto
318 2043 356 2072 ab
376 2052 413 2072 eo
436 2043 636 2074 acerbiorem.
659 2061 695 2067 —
723 2062 761 2068 —
794 2044 1019 2083 Reprehendit‚
1047 2044 1128 2083 quod
1158 2055 1216 2074 non
1241 2045 1365 2075 doceam
1390 2044 1523 2075 inchoari
1548 2046 1763 2085 poenitentiam
1791 2047 1828 2076 ab
1854 2055 1954 2075 amore
1978 2047 2122 2081 iustitiae,

216 2187 238 2218 ·)
257 2191 316 2216 Tota
335 2191 402 2217 enim
421 2191 543 2216 Electoris
563 2190 624 2216 ditio
641 2191 716 2217 liuius
735 2191 888 2217 visitationis
907 2192 989 2222 gratia
1013 2192 1050 2217 sic
1073 2193 1114 2217 est
1133 2191 1226 2218 divisa:
1258 2193 1278 2218 l.
1296 2192 1445 2223 inunum,
1476 2193 1502 2219 2.
1516 2192 1676 2219 Electoratus
1701 2195 1727 2218 et
1745 2192 1848 2222 Misnia,
1874 2194 1897 2218 3.
1917 2192 2078 2219 Osterlandia
2096 2193 2123 2219 et

260 2225 430 2255 voigtlandia‚
448 2226 471 2250 4.
491 2226 638 2251 franconia.
676 2226 775 2251 Primae
794 2227 906 2256 regionis
926 2227 1051 2252 ecclesiae
1070 2233 1093 2252 a.
1110 2227 1183 2252 ¹527.
1203 2233 1219 2252 a
1236 2227 1370 2258 Theologis
1390 2227 1450 2253 Phil.
1469 2228 1641 2257 Melanthone,
1660 2228 1786 2253 friderico
1807 2228 1927 2258 ‚wi-conio,
1946 2228 2014 2253 lusto
2033 2228 2123 2257 Menio,

259 2261 335 2290 atque
355 2260 511 2286 consiliariis
537 2260 613 2285 Elect.
634 2261 744 2286 Iohanne
764 2268 778 2286 a
798 2261 923 2291 Planum,
941 2262 981 2287 Dr.
1002 2262 1155 2291 Hieronymo
1173 2262 1288 2287 Schurfio
1308 2265 1333 2287 et
1352 2262 1456 2287 Erasmo
1481 2269 1495 2287 a
1515 2263 1646 2292 Haugwitz
1665 2263 1783 2288 visitatae
1805 2265 1878 2291 sunt;
1904 2263 1928 2288 in
1948 2262 2063 2287 secunda
2082 2269 2122 2288 re-

257 2293 334 2324 gione
353 2295 463 2320 visitatio
481 2301 504 2320 a.
526 2296 600 2320 1528.
621 2294 720 2326 incepta
740 2298 781 2321 est
799 2302 814 2320 a
833 2296 969 2326 Theologis
989 2296 1059 2321 Mart.
1079 2296 1202 2327 Luthero,
1222 2297 1272 2322 ioh.
1291 2297 1505 2327 Bugenhagenio,
1524 2298 1593 2322 lusto
1612 2297 1681 2325 Iona,
1701 2301 1777 2328 atque
1798 2297 1909 2322 Iohanne
1929 2297 2054 2327 Metzsch,
2078 2298 2121 2324 Dr.

259 2328 396 2354 Benedicto
414 2328 493 2359 Pauli,
512 2329 661 2355 Bernhardo
679 2337 694 2355 a
713 2329 873 2361 Hirschfeld,
892 2330 1004 2356 iohanne
1023 2337 1038 2356 a
1056 2331 1241 2361 bubenheim
1267 2332 1358 2356 tertiae
1384 2332 1498 2361 regionis
1517 2332 1628 2357 visitatio
1647 2333 1680 2357 ab
1700 2332 1814 2357 Electore
1834 2332 1958 2357 mandata
1984 2334 2024 2356 est
2042 2332 2122 2357 Theo-

258 2362 324 2393 logis
342 2363 452 2394 Georgio
471 2364 618 2394 spalatino.
648 2365 755 2390 Antonio
774 2365 870 2395 Musae,
889 2365 1053 2395 wolfgangio
1072 2365 1168 2396 fussio,
1187 2370 1262 2397 atque
1283 2366 1440 2391 consiliariis
1460 2367 1569 2396 Anat-gio
1589 2367 1688 2391 Barono
1707 2373 1722 2391 a
1741 2364 1912 2397 Wiidensels‚
1935 2366 2087 2391 Sebastiano
2105 2372 2121 2391 a

258 2397 412 2428 Keetteritz.
430 2398 526 2424 Danieli
546 2405 561 2423 a
579 2398 706 2429 Feilitseh,
724 2399 837 2425 Eobaldo
857 2405 872 2424 a
892 2399 1086 2430 arandensteim
1105 2400 1212 2425 ilenrico
1230 2401 1262 2426 ab
1281 2401 1417 2428 Einsicdel.
1435 2401 1544 2426 Diterico
1563 2407 1578 2425 a
1597 2400 1778 2432 Starsched013
1798 2400 1907 2431 denique
1928 2401 1953 2425 in
1964 2401 2120 2426 Franconiae

257 2435 339 2463 parte,
358 2438 424 2464 qnae
443 2432 476 2457 ad
494 2433 616 2459 Electoris
635 2433 757 2459 ditionem
776 2434 930 2465 pertinebat,
949 2434 1095 2460 visitatores
1114 2434 1219 2460 luerunt
1236 2435 1357 2465 Theologl
1375 2436 1493 2461 Nicotaus
1511 2435 1586 2465 Kind,
1604 2436 1656 2462 ioh.
1676 2435 1817 2466 Langerus,
1838 2435 1974 2460 Balthasar
1985 2435 2120 2465 Thuering‚

258 2466 400 2493 consiliarii
417 2467 468 2493 loh.
486 2473 502 2492 a
519 2468 668 2500 Sternberg,
688 2469 740 2494 10l1.
761 2468 856 2499 Senon,
876 2469 1007 2499 sylvester
1025 2476 1040 2495 a
1059 2469 1244 2501 Schaumburg.
1280 2470 1321 2495 Sic
1340 2470 1446 2496 carolus
1465 2470 1561 2496 Weber
1578 2471 1604 2495 in
1621 2470 1743 2496 Editionis
1762 2469 1829 2495 intra
1849 2469 2026 2495 recensendae
2046 2475 2121 2500 prae·

256 2501 353 2527 ratione
371 2508 395 2533 p.
413 2501 525 2528 20-25.
542 2502 687 2528 visitatores
706 2509 800 2528 enume
826 2504 859 2528 at.

195 2550 323 2585 ⁶⁶)2Haee
341 2553 475 2579 instructio
492 2553 595 2584 legatur
611 2554 636 2579 in
655 2554 758 2581 Weberi
776 2555 936 2586 praefatione
956 2555 1033 2581 modo
1052 2555 1155 2582 laudata
1175 2562 1199 2588 ρ.
1221 2557 1251 2581 17
1271 2561 1325 2588 sqq.

181 2602 237 2635 ”’·)
257 2604 361 2630 Ιοὶιιηῐι.
383 2604 495 2635 Agricola
514 2605 631 2631 lslebius.

268 2654 417 2677 mnu.
430 2656 512 2677 orae.
526 2656 591 2678 vor..
603 2655 685 2678 ππ.
1793 2655 1814 2685 1
