2324 2944
148 155 186 185 lo

187 247 219 280 3.
252 246 417 279 Adveniat
451 253 590 287 regnum
625 248 732 280 tuum,
765 242 785 272 i.
809 250 838 272 e.
861 240 1010 283 guberna
1037 247 1113 275 nos,

252 290 329 332 quia
350 289 422 319 sine
444 294 477 319 te
500 284 580 317 nibil
601 294 781 327 possumus
804 283 925 315 facere.

252 333 324 364 Fiat
346 329 501 362 voluntas
525 335 593 366 tua,
616 329 636 359 i.
654 337 681 359 e.
705 328 747 358 da
769 327 866 358 nobis
883 323 1112 358 obedientiam,

251 383 286 407 ut
309 373 488 405 toleremus
511 369 715 402 voluntatem
738 376 835 401 tuam.
1085 407 1091 415 ⁸

187 419 218 450 5.
254 419 375 449 Panem
415 421 563 447 nostrum
598 413 838 455 quotidianum,
870 412 889 441 i.
923 419 952 441 e.
987 416 1112 457 omneis

253 460 403 501 corporis
423 458 657 494 necessitates,
678 456 866 493 victum‚³⁴)
891 454 1008 484 bonam
1032 448 1111 481 vali-

251 504 406 538 tudinem,
428 502 547 532 bonam
570 497 708 537 famant,
731 497 934 540 prudentiam
956 495 989 525 in
1011 493 1111 524 admi-

250 545 431 578 nistrandis
455 540 687 583 corporalibus
711 547 744 572 et
767 539 916 572 civilibus
938 537 1053 573 rebus,
1075 533 1112 584 1³3
1135 540 1140 574 ῃ

251 596 395 620 terarum
419 592 452 617 et
480 583 607 616 similia.
652 584 743 615 Haec
765 583 906 613 doceant
928 579 1024 610 etiam
1048 576 1111 627 Dei
1135 586 1140 660 Ι

252 633 450 666 donwesse,
472 629 562 660 iuxta
585 626 681 658 illud:
714 626 748 657 ln
771 626 845 666 ipso
867 630 998 658 sumuS,
1031 630 1111 651 vivi-

251 684 326 706 mus
348 678 380 704 et
402 681 582 703 movemur.
1024 705 1031 713 ο

252 716 387 748 Dimitte
410 714 507 745 nobis
532 713 641 744 debita
663 716 789 747 nostra,
822 714 855 739 et
876 717 919 738 ne
941 715 1005 737 nos
1023 705 1113 755 indu:

253 769 312 791 cas
335 760 366 790 in
390 757 614 792 tentationem,
637 755 669 785 id
692 759 753 790 est,
781 762 822 782 ne
845 751 917 781 sine
939 758 1003 780 nos
1026 748 1113 779 vinci

251 803 281 833 in
306 801 493 833 tentatione.

191 846 220 877 7.
254 845 295 876 Et
319 844 424 875 libera
447 851 510 873 nos
532 851 552 871 a
575 838 678 876 malo,
710 839 731 868 i.
754 847 786 868 e.
815 836 857 866 ab
880 834 1033 866 omnibus
1056 833 1114 865 ad-

253 887 465 919 vei-sitatibus
488 880 715 924 corporalibus
734 886 766 910 et
788 876 1026 919 spiritualibus.

187 333 229 375 ⁴·.

345 999 406 1031 DE
429 995 674 1029 FRUCTIBUS
697 992 908 1026 SPIRtTUS.

231 1083 337 1118 Quum
358 1080 551 1112 tradiderint
575 1078 758 1109 doctrinam
781 1074 1034 1112 iustificationis,
1059 1074 1113 1105 do-

145 1132 241 1159 ceant
264 1135 329 1156 non
364 1122 470 1155 solum
496 1121 656 1164 agendam
679 1119 922 1161 poenitentiam,
946 1118 1033 1149 sicut
1050 1117 1114 1148 iam

146 1169 334 1205 docuinm,
358 1167 418 1198 sed
441 1164 577 1197 ulterius
591 1166 636 1202 ⁷²⁵)
660 1162 919 1195 mortificandam
942 1170 1019 1192 esse
1043 1169 1115 1191 car-

146 1223 230 1250 nem,
253 1217 285 1242 et
308 1212 453 1241 timorem
467 1208 529 1240 Dei
553 1208 674 1239 debere
697 1214 861 1243 crescere,
885 1211 917 1235 et
941 1208 1114 1235 crescente

146 1257 276 1292 timore,
306 1262 458 1284 crescere
481 1252 575 1282 etiam
598 1251 720 1281 debere
742 1248 850 1280 fidem.
895 1247 987 1279 Haec
1009 1247 1113 1285 etiam,

145 1298 346 1334 castitatem,
379 1293 611 1331 humilitatem,
633 1293 816 1331 caritatem,
839 1296 870 1322 et
893 1289 1114 1322 mansuetudi-

146 1351 218 1373 nem
242 1349 326 1381 quae
349 1337 511 1379 prohibet,
534 1347 574 1368 ne
599 1337 670 1378 quis
693 1335 844 1377 privatim
866 1333 1047 1366 uiciscatur
1069 1333 1114 1363 in-

145 1384 310 1416 iurias-³⁶)
341 1381 401 1413 Hic
427 1382 523 1412 etiam
546 1380 588 1411 ad
611 1378 721 1410 officia
744 1378 916 1410 charitatis
940 1375 1115 1420 diligenter

145 1426 359 1459 adhortentur
382 1435 458 1462 eos,
493 1433 578 1465 quos
602 1423 732 1460 docent,
761 1428 793 1452 et
816 1421 858 1453 ad
882 1419 1113 1461 eleemosynas

146 1469 372 1511 elargiendas‚
403 1468 442 1498 Et
465 1467 622 1504 doceant,
656 1465 753 1496 fidem
777 1464 998 1496 exercendam
1023 1471 1114 1500 esse,

145 1523 240 1554 quum
264 1511 326 1542 bac
348 1521 408 1552 spe
431 1509 612 1551 largiantur
635 1507 886 1550 eleemosynas,
908 1507 997 1549 quod
1020 1504 1114 1537 Deus

146 1556 289 1587 vicissim
308 1555 402 1585 nobis
429 1553 695 1594 subpeditaturus
720 1552 761 1582 sit
785 1552 907 1583 victum
929 1556 961 1581 et
985 1547 1116 1586 similia,

145 1600 232 1630 iuxta
255 1596 352 1628 illud:
384 1597 486 1634 Date,
509 1602 540 1627 et
563 1596 693 1626 dabitur
715 1595 821 1626 vobis.
867 1593 946 1625 Item
970 1589 1116 1623 Liberali

146 1639 243 1673 oculo
277 1648 339 1671 etc.
384 1639 425 1670 Et
458 1639 512 1670 bic
545 1638 684 1670 docendi
720 1644 797 1670 sunt
829 1636 991 1671 homine&
1026 1634 1116 1677 quod

146 1686 253 1716 omnia
275 1684 338 1714 ista
361 1683 456 1714 etiam
481 1681 668 1723 corporalia
683 1682 749 1713 sint
772 1681 859 1712 dona
872 1679 944 1720 Dei,
966 1680 1058 1710 itfflta
1078 1677 1115 1709 il-

146 1726 217 1758 lud:
240 1726 432 1758 Benedictio
457 1725 577 1757 domini
601 1725 718 1755 divites
741 1723 830 1755 facit.
875 1723 986 1764 ltaque
1005 1723 1031 1753 si
1050 1719 1116 1753 lar·
1139 1734 1146 1782 1

147 1771 276 1813 girantur
305 1767 552 1809 ehemosxnas,
587 1767 680 1799 Deus
709 1767 843 1809 augebit
869 1773 1017 1798 nostram
1046 1775 1115 1796 rem

148 1812 356 1845 familiarem.
380 1812 470 1843 dabit
493 1810 625 1852 publice
647 1821 812 1842 annonam
836 1810 1035 1847 uberiorem,
1058 1819 1115 1849 pa-

145 1867 215 1888 cem
249 1862 280 1886 et
304 1854 420 1886 similia
444 1856 550 1892 bona,
584 1864 650 1885 nnn
675 1855 750 1896 quia
778 1852 918 1886 facimus
941 1862 1020 1890 nos,
1056 1851 1117 1882 sed

147 1899 222 1940 quia
245 1898 321 1930 talia
345 1899 414 1939 ipse
434 1897 582 1939 promisit
605 1897 812 1928 facientibus.
848 1896 1008 1938 imprimis
1032 1893 1116 1936 largi
1139 1902 1146 1953 ⁴

147 1953 225 1983 erga
259 1942 452 1973 sacerdotes
485 1951 560 1971 esse
584 1941 722 1978 debent,
756 1940 832 1981 quia
866 1939 1024 1980 scriptum
1048 1945 1115 1969 est:
1141 1964 1145 1983 ἢ

147 1983 276 2026 Duplici
300 1984 426 2015 honore
449 1984 537 2025 digni
561 1990 645 2015 sunt.
683 1983 821 2019 Quoties
843 1981 985 2024 aliquem
1008 1979 1115 2013 locum
1140 1995 1145 2012 ι

145 2029 240 2060 affert
259 2027 395 2058 historia
408 2025 621 2069 tlt-angelica,
643 2027 697 2058 ubi
717 2027 826 2058 vitium
849 2024 985 2067 aliquod
1008 2035 1116 2066 repre-

146 2071 307 2108 her-ditur,
330 2071 371 2101 ibi
396 2069 566 2102 hortentur
588 2070 630 2101 ad
654 2070 888 2112 poenitentiam
906 2075 938 2100 et
958 2066 1118 2110 colligant

145 2120 348 2155 argumenta.
371 2122 575 2155 quantopere
589 2112 682 2145 Deus
706 2113 737 2144 id
752 2113 862 2144 vitium
881 2112 998 2149 oderit,
1021 2122 1116 2153 quam

147 2158 290 2197 graxiter
324 2157 446 2198 puniat.
494 2157 628 2188 Addant
661 2157 759 2188 etiam
787 2167 829 2187 ex
856 2155 1031 2197 scripturis
1062 2161 1117 2185 aut

147 2201 276 2231 aliunde
301 2199 468 2241 exmnpla,
492 2207 525 2231 et
547 2205 663 2231 contra
686 2201 820 2241 exigant
843 2200 930 2229 bona
949 2207 1063 2239 opera,
1086 2204 1117 2229 et

148 2243 298 2279 dne-eant,
322 2253 416 2284 quam
442 2253 559 2274 severe
583 2242 648 2274 hoc
674 2241 768 2274 Deus
790 2243 917 2284 exigat,
947 2242 1001 2283 qui
1025 2251 1117 2281 prae-

149 2286 209 2316 mia
235 2287 272 2316 sit
299 2287 487 2317 redditurus
511 2297 571 2327 pro
594 2284 658 2317 illis
684 2286 850 2326 operibus.

235 2328 419 2369 Aliquando
449 2330 559 2360 dicant
583 2329 623 2359 de
648 2329 728 2364 tide.
757 2328 923 2370 quomodo
952 2327 1117 2365 iustificet,

150 2475 193 2498 Ἡ)

147 2527 193 2554 35>
214 2534 263 2549 nnn
285 2528 366 2550 mium
387 2528 512 2556 agend-m
536 2541 563 2545 --
585 2528 628 2551 uod
649 2526 767 2558 ulteria-1
791 2527 838 2551 Ed.
858 2527 880 2550 ²,
901 2533 953 2550 non
979 2526 1055 2549 noma!
1076 2526 1118 2549 ab·

216 2563 279 2584 mtvt
300 2564 491 2592 poenituisti-m„
510 2563 553 2585 aad
574 2563 677 2586 ulta-riu·

147 2611 193 2638 ⁸⁶)
214 2612 281 2634 mae
302 2618 386 2640 suun,
406 2615 548 2637 rutil-ton
574 2627 599 2631 -
620 2613 744 2644 iniuria}
765 2612 797 2637 ab
816 2612 862 2637 ad.
884 2614 908 2636 2.
928 2611 1022 2636 abo-u.

216 2476 326 2506 mutuum}
350 2477 395 2499 Eri.
417 2478 430 2498 ¹2
461 2484 559 2507 pot-em,
582 2482 680 2503 iit-turn,

168 155 184 163 ⁴
592 147 701 180 PfltL.
725 146 825 179 MEL.
847 144 1033 178 SCRIPTA
1055 139 1324 176 DOGMATICA
1344 139 1402 172 ET
1423 138 1695 172 SYMBOLICA.

2105 140 2146 172 16

1166 235 1262 267 sicuti
1284 243 1388 274 supra
1410 234 1688 274 exposuimus,³⁷)
1710 234 1921 276 praesertim,
1943 235 2078 276 quando
2095 234 2144 267 ht-

1165 278 1268 309 storia
1290 275 1464 318 Evangelii
1486 276 1582 308 offert
1611 275 1798 318 exemplum
1820 275 1897 307 fidei
1920 287 1982 309 seu
2004 279 2143 319 promis-

1164 321 1278 351 sionis.
1324 318 1372 350 lbi
1396 326 1462 350 tum
1485 320 1530 351 ita
1553 325 1695 352 tractent
1718 319 1834 356 fidem,
1857 324 1894 349 ut
1916 320 2045 359 dicant,
2074 330 2143 353 non

1164 372 1265 404 posse
1288 361 1362 394 sine
1391 362 1592 403 poenitentia
1619 364 1770 395 existere.
1822 360 1915 394 Haec
1943 372 2075 405 semper
2097 363 2144 395 di-

1165 411 1242 437 cant
1265 405 1307 436 de
1329 404 1406 440 fide,
1429 405 1497 436 Sed
1520 411 1664 437 tractent
1678 407 1723 444 ⁸⁸)
1745 405 1844 437 etiam
1860 405 2045 437 doctrinam
2065 416 2143 447 ope·

1163 458 1235 479 rum
1258 452 1292 478 et
1312 448 1558 489 poenitentiam,
1580 454 1613 479 et
1635 454 1730 481 certa
1751 446 1863 489 aliqua
1872 449 1916 486 ⁸⁹)
1929 449 2048 480 virtute
2060 458 2143 480 non·

1164 500 1330 532 nunquam
1353 491 1547 523 concionem
1570 493 1830 528 consument‚⁴⁰)
1853 496 1890 522 ut
1912 491 1945 522 in
1965 492 2142 523 tractanda

1163 534 1344 565 sobrietate
1373 540 1407 565 et
1436 533 1656 566 insectatione
1684 534 1872 572 ebrietatis,
1904 533 1939 564 in
1969 535 2143 566 tractanda

1164 577 1329 615 castitate,
1350 576 1384 608 in
1406 577 1577 608 sectandis
1600 577 1854 609 scortatoribus.
1886 575 2077 618 Aliquando
2100 577 2142 608 de

1164 617 1387 660 eleemosynis
1415 620 1537 651 dicant.
1583 619 1624 651 Et
1652 621 1739 653 sicut
1766 629 1868 661 supra
1890 619 1973 658 dixi,
1995 619 2143 661 proderit

1164 661 1356 704 aliquando,
1380 663 1496 694 ordine
1517 672 1577 704 per
1599 662 1725 705 aliquot
1748 663 1928 694 conciones
1944 661 2142 704 decalogum

1165 714 1331 736 enarrare.
1376 703 1564 746 Aliquando
1594 707 1636 738 de
1663 707 1815 738 oratione
1844 705 1968 744 dicant,
2003 705 2045 736 de
2077 715 2144 747 qua

1165 753 1274 779 tamen
1293 758 1393 789 quum
1416 748 1545 786 dicant,
1574 758 1717 780 necesse
1739 755 1790 781 est
1812 748 1887 780 fidei
1911 754 2063 780 naturam
2085 748 2141 779 de-

1165 789 1304 822 clarare.
1340 790 1382 822 Et
1404 791 1447 822 ibi
1471 789 1584 832 populi
1606 798 1802 832 praesentes
1824 792 2046 823 necessitates
2064 800 2143 822 con-

1165 833 1322 872 siderent,
1345 839 1382 865 ut
1402 834 1558 874 inopiam,
1581 835 1757 867 adversam
1774 834 2000 873 valitudinem,
2023 841 2081 865 aut
2097 833 2142 865 si·

1165 876 1264 907 milia.
1309 876 1398 907 Ante
1435 877 1600 908 adversus
1634 879 1785 910 morbum
1819 876 2018 910 comitialem
2056 875 2144 908 cole-

1166 920 1246 950 bant
1268 917 1497 955 Valentinum;
1519 919 1684 952 adversus
1707 922 1856 953 morbum
1877 920 2054 963 pecudum,
2076 919 2143 952 An-

1165 963 1302 1000 tonium,
1325 962 1490 993 adversus
1502 969 1642 1003 pestem,
1660 962 1904 1002 Sebastianum,
1916 963 2066 995 nochum
2078 969 2144 994 etc.

1165 1005 1202 1036 ln
1225 1005 1277 1036 his
1310 1005 1464 1036 omnibus
1492 1005 1749 1037 necessitatibus
1778 1006 1961 1038 doceantur
1989 1004 2145 1038 auxilium

1165 1047 1337 1090 postulare
1360 1058 1381 1079 a
1396 1047 1483 1086 Deo,
1508 1049 1583 1090 quia
1596 1047 1688 1080 Deus
1711 1049 1864 1080 omnibus
1887 1050 2145 1081 necessitatibus

1166 1091 1291 1123 nostris
1315 1089 1386 1123 vult
1408 1090 1582 1131 opitulari,
1617 1097 1652 1122 ut
1681 1091 1766 1123 haec
1797 1097 1831 1123 et
1853 1090 1973 1123 similia
2001 1091 2146 1133 populus

1165 1140 1342 1167 assuescat
1365 1133 1439 1165 Deo
1473 1135 1715 1166 commendare.
1762 1133 1796 1165 ln
1827 1133 1880 1166 his
1908 1135 2023 1176 parvis
2045 1135 2147 1166 rebus

1166 1177 1242 1209 fidei
1263 1177 1449 1209 tirocinium
1474 1175 1664 1209 faciendum
1687 1184 1750 1215 est,
1778 1177 1865 1209 sicut
1887 1176 1988 1209 lacob
2018 1178 2080 1209 ait:
2109 1177 2147 1209 Si

1166 1220 1329 1252 Dominus
1353 1220 1478 1251 dederit
1502 1221 1578 1252 mibi
1596 1230 1732 1261 panem,
1754 1230 1887 1262 aquam,
1909 1226 2056 1258 vestem,
2084 1221 2147 1252 erit

1166 1263 1242 1295 mihi
1265 1264 1298 1294 in
1321 1263 1435 1295 Deum.
1492 1262 1570 1294 ltem
1605 1263 1751 1295 lumenta
1784 1270 1816 1294 et
1851 1262 2003 1295 homines
2037 1262 2148 1294 salva-

1166 1307 1232 1345 bis,
1253 1306 1408 1338 Domine.
1454 1304 1563 1338 Valde
1591 1307 1676 1337 enim
1699 1306 1907 1338 incommode
1930 1306 2069 1344 docent,
2092 1306 2148 1348 qui

1165 1360 1234 1381 non
1257 1348 1487 1381 adsuefaciunt
1506 1348 1630 1391 vulgus
1653 1349 1696 1380 ad
1720 1347 1957 1391 postulandum
1988 1347 2148 1381 auxilium

1166 1403 1187 1424 a
1209 1392 1296 1431 Deo,
1319 1393 1418 1424 etiam
1440 1393 1473 1423 in
1497 1390 1728 1434 corporalibus
1751 1390 1998 1424 afflictionibus.

1427 1494 1488 1528 DE
1511 1494 1814 1529 MAGlSTRATlB
1819 1495 1884 1528 US.

1254 1564 1344 1597 lnter
1366 1565 1475 1597 omnia
1504 1565 1676 1597 charitatis
1707 1563 1819 1597 officia
1840 1565 2055 1607 praecipuum
2088 1569 2153 1603 est,

1170 1609 1308 1640 obedire
1342 1609 1605 1651 magistratibus
1663 1607 1725 1640 Hic
1760 1607 1857 1640 locus
1889 1607 2064 1649 diligenter
2098 1614 2151 1640 est

1170 1658 1330 1684 tractatus
1360 1651 1454 1684 Rom.
1481 1651 1531 1683 13.
1576 1650 1716 1683 Tantum
1746 1651 1813 1684 hoc
1841 1658 1943 1693 agant
1973 1651 2151 1683 conciona-

1170 1701 1283 1734 ἴοι-εδ,
1306 1701 1342 1727 ut
1365 1705 1438 1727 eum
1462 1705 1564 1736 saepe
1587 1701 1743 1727 enarrent
1765 1694 1907 1736 populo,
1931 1699 2042 1735 potest
2064 1695 2151 1726 enim

1169 1740 1305 1771 tractari
1328 1739 1360 1770 in
1385 1739 1598 1770 enarratione
1626 1739 1734 1779 quarti
1750 1738 1952 1779 praecepti,
1985 1737 2027 1768 de
2048 1737 2152 1769 hono·

1169 1782 1282 1814 randis
1305 1782 1509 1824 parentibus.
1555 1780 1596 1812 Et
1621 1779 1796 1823 diligenter
1818 1781 1962 1812 doceant
1984 1779 2150 1818 homines.

1169 1827 1266 1858 etiam
1293 1826 1323 1857 si
1347 1825 1564 1867 magistratus
1588 1824 1738 1856 iniuriam
1762 1822 1887 1856 faciunt
1911 1823 2071 1861 subditis,
2107 1830 2152 1854 ta-

1169 1879 1245 1901 men
1279 1879 1352 1901 eam
1379 1868 1550 1900 serendam
1585 1877 1678 1905 esse,
1712 1873 1744 1898 et
1778 1877 1845 1898 non
1867 1866 2051 1908 parandum
2073 1876 2151 1898 esse

1170 1913 1281 1944 odium
1295 1913 1340 1950 ⁴¹)
1363 1911 1527 1943 adversus
1551 1909 1639 1943 illos.
1662 1911 1751 1941 iuxta
1776 1909 1989 1941 sententiam:
2012 1909 2077 1945 Qui
2101 1919 2152 1941 ro-

1169 1956 1256 1987 sistit
1278 1955 1498 1997 magistratui,
1520 1953 1676 1985 iudicium
1699 1953 1762 1984 sibi
1785 1953 1936 1995 acquirit.

1256 1998 1319 2031 Hic
1351 1997 1450 2030 etiam
1483 1995 1635 2038 exempla
1670 1996 1792 2027 debent
1826 1995 1985 2037 proponi,
2031 1995 2151 2037 quibus

1169 2042 1303 2073 videant
1321 2041 1504 2073 seditiones
1523 2040 1678 2071 divinitus
1696 2040 1893 2113 {rarissime
1911 2038 2042 2080 punitas
2061 2047 2152 2076 esso,

1170 2087 1256 2116 sicut
1273 2084 1395 2122 Chore,
1414 2081 1587 2121 Amelecb,
1609 2083 1701 2114 Absa
1717 2092 1770 2115 om
1790 2089 1821 2114 et
1844 2081 1937 2114 multi
1959 2079 2016 2113 alii
2033 2087 2153 2113 testan-

1170 2199 1217 2230 37)
1237 2198 1387 2229 Aliquando
1407 2197 1493 2221 dicant
1512 2197 1543 2220 dc
1564 2196 1622 2224 fide,
1643 2210 1673 2214 —
1694 2195 1880 2229 exposuimus]
1903 2195 1988 2220 sest,
2009 2194 2155 2220 Dicendu-

1239 2237 1278 2257 εει
1296 2232 1436 2263 aliquando
1456 2231 1487 2255 de
1507 2232 1565 2255 aliis
1579 2231 1702 2255 fructibus
1713 2232 1825 2263 spiritus.
1845 2232 1877 2254 dc
1891 2232 2020 2260 mutate.
2040 2230 2072 2254 de
2084 2237 2154 2254 mn-

1241 2267 1392 2295 suetudine.
1416 2266 1569 2290 humilitate.
1613 2265 1673 2289 Non
1692 2271 1777 2289 autem
1798 2268 1833 2289 ita
1851 2267 1877 2289 in
1898 2265 1938 2289 bin
1957 2266 2021 2298 locis
2040 2271 2153 2289 conno-

1239 2307 1342 2331 nmtur,
1369 2306 1397 2324 ut
1420 2308 1471 2324 non
1492 2308 1568 2331 saepe
1589 2301 1695 2324 redeant
1714 2302 1746 2325 ad
1766 2301 1910 2324 doctrinam
1935 2299 2010 2324 adei:
2035 2299 2068 2323 ad
2086 2298 2154 2324 bano

1239 2344 1316 2368 saepe
1335 2339 1374 2360 est
1393 2335 1552 2359 redeundum
1572 2340 1597 2358 et
1614 2335 1760 2364 dicendum.
1779 2335 1910 2366 quomodo
1927 2333 2061 2363 imtifleet.
2079 2334 2153 2359 dead

1240 2379 1320 2403 supra
1338 2371 1513 2401 exposuimus,

1172 2424 1218 2452 38)
1239 2423 1310 2448 mee
1329 2429 1428 2453 semper
1447 2435 1478 2439 —
1498 2421 1550 2445 Sed
1569 2420 1691 2452 tut-tent]
1713 2420 1761 2444 Ed.
1775 2421 1799 2446 2.
1838 2420 1927 2452 Neque
1945 2424 2031 2445 tanen
2051 2426 2152 2452 unp«

1241 2459 1273 2482 do
1292 2457 1348 2481 nol·
1365 2457 1416 2480 fldo
1435 2456 1532 2484 dicant.
1551 2456 1596 2479 sed
1616 2461 1727 2479 trorum

1171 2511 1218 2538 39)
1237 2514 1262 2533 et
1281 2513 1350 2534 certa
1368 2507 1466 2540 aliqua!
1489 2508 1538 2532 Ed.
1558 2508 1582 2531 2.
1603 2510 1629 2531 in
1649 2508 1736 2538 eliqua
1754 2511 1824 2531 cert·

1173 2563 1219 2590 ⁴0)
1239 2559 1400 2592 con-umenti
1422 2559 1468 2583 tta.
1490 2560 1514 2583 2.
1534 2564 1687 2583 consumant

1173 2615 1218 2642 41)
1239 2612 1380 2643 parandum
1400 2619 1455 2636 etue
1474 2611 1572 2642 adt-ml
1596 2612 1641 2635 F-d.
1664 2612 1685 2635 2.
1708 2611 1849 2642 paranda-
1868 2617 1924 2635 σου·
1943 2610 2084 2635 vindi·—
