2324 2944
75 143 138 176 341
653 135 692 169 u.
737 136 776 169 B.
822 134 1068 168 CONFESSIO
1092 132 1369 167 AUGUSTANA
1391 131 1502 166 IPSA.
2018 129 2083 163 322

229 235 280 265 Ad
297 233 370 264 illos
389 231 584 272 epistolarum
602 231 700 266 1000S,
721 241 759 260 ex
777 231 889 270 quibus
909 230 1020 264 elucet,
1040 239 1147 259 novam
1164 228 1216 259 lat.
1230 227 1447 258 Confessionis
1464 227 1638 258 Editionem
1656 227 1694 256 ab
1713 229 1834 256 auctore
1848 236 1876 256 a.
1904 227 1996 256 1535.
2016 234 2083 254 esse

76 280 260 318 consectam,
284 276 403 307 accedit
420 276 551 315 denique
569 274 674 308 locus,
693 274 744 312 qui
764 274 967 307 demonstrat,
987 283 1052 302 eam
1074 272 1134 302 lioc
1154 281 1274 312 quoque
1297 281 1378 301 anno
1394 271 1565 310 prodiisse.
1611 270 1642 300 ln
1662 269 1793 309 epistola
1812 269 1890 298 enim
1910 269 1947 297 ad
1966 267 2083 298 lustum

75 323 210 354 Meuium
230 321 293 350 fere
312 320 370 350 hoc
387 323 523 358 tempore
542 321 636 356 (teste
659 317 780 356 quidem
799 316 1052 346 Bretsclineidero
1073 314 1162 354 Corp.
1183 313 1218 344 ll.
1238 325 1268 354 p.
1289 317 1349 345 872
1369 318 1435 353 sq.)
1454 314 1524 344 data
1542 313 1718 343 Melanthon
1743 312 1818 341 haec
1837 312 1972 351 scripsit:
1993 310 2084 341 „Mea

75 365 228 404 apoloyia
246 367 351 393 renata
374 366 432 396 est,
452 366 483 391 et
500 360 606 391 melior
623 360 701 389 sacta
723 360 752 388 in
771 359 839 389 loco
863 359 1100 396 lustificationis,
1119 368 1208 397 quam
1226 357 1304 398 lege,
1324 361 1355 387 et
1376 358 1477 387 scribe
1495 361 1578 387 tuum
1598 356 1670 386 milii
1689 356 1831 385 iudicium
1851 365 1918 384 cum
1937 354 2081 393 legeris.ss

75 407 124 438 Ex
143 408 192 437 liis
211 407 313 436 verbis
333 410 426 445 patet,
446 405 525 434 hunc
543 404 650 433 librum
670 402 722 432 illo
740 406 894 442 tempore,
914 413 974 441 quo
995 401 1070 431 haec
1089 401 1222 440 scripsit,
1242 402 1298 430 iam
1319 410 1463 430 excusum
1484 404 1515 430 et
1533 401 1561 429 in
1581 401 1668 429 amici
1688 399 1826 428 manibus
1847 398 1954 427 fuisse.
2002 396 2084 426 {dem

76 451 215 481 affirmari
233 449 350 479 videtur
368 449 426 478 hoc
444 447 512 477 loco
531 446 682 486 epistolae
701 446 740 474 ad
758 445 941 479 Lutherum,
961 443 1079 483 10113111,
1098 443 1329 482 Biigenlingium
1349 447 1380 473 et
1402 442 1596 482 Crucigeruni
1617 443 1645 472 d.
1670 445 1696 471 1.
1717 441 1794 470 Nov.
1818 443 1909 471 1536.
1928 451 1946 470 a
1968 439 2084 470 Melan-

76 493 170 524 thone
187 493 309 532 scripta,
318 492 351 530 ⁴²)
370 493 397 520 in
412 501 471 530 qua
489 490 527 519 (le
546 489 727 529 quibusdam
740 489 807 517 suis
821 489 933 522 verbis
947 489 975 516 in
996 487 1107 526 quibus
1131 487 1285 516 dicebatur
1302 486 1381 516 salsa
1397 486 1562 516 tradidisse
1582 486 1620 515 de
1639 485 1774 514 doctrina
1792 494 1932 522 operum,
1957 493 1994 512 se
2015 493 2085 522 pur·

77 540 144 576 gat:
166 535 249 566 „Sed
268 545 334 564 cum
355 535 438 564 initio
458 533 590 562 viderem
610 542 628 561 a
647 531 764 565 multis,
785 533 962 570 praesertim
981 530 1063 563 alibi,
1083 530 1128 559 sic
1152 530 1246 568 accipi
1267 529 1344 558 hanc
1362 530 1614 569 propositionem:
1636 527 1712 557 Sola
1731 527 1789 556 tide
1814 527 1885 556 insti
1905 535 2031 564 sumuS‚
2055 526 2085 555 in

76 579 155 610 hanc
173 579 370 611 sententiam,
390 576 532 606 Novitate
551 575 603 605 illa
620 585 677 604 seu
700 574 811 603 infusis
830 574 917 603 donis
937 574 1007 602 iusti
1027 583 1134 602 sumus
1154 571 1201 611 (ld
1221 576 1284 601 erat
1302 573 1419 606 dicere,
1439 582 1497 601 non
1521 571 1589 601 sola
1612 571 1702 607 tide):
1722 580 1854 599 necesse
1874 569 1928 599 fuit
1947 569 2031 602 mihi,
2055 569 2084 597 in

77 621 239 661 Apoloyt'a
263 620 452 650 transferrem
484 629 544 648 rem
570 618 607 647 ad
631 618 858 657 imputationem
883 617 1039 655 gratuitam
1069 620 1099 645 et
1123 615 1269 654 quaedam
1296 616 1470 645 distinctius
1497 615 1608 644 dicere.
1659 612 1730 643 lnde
1755 613 1903 645 oriuntur,
1929 615 1961 641 ut
1986 612 2085 645 scitis,

78 665 293 704 quaestiones,
313 665 340 693 si
359 666 472 692 tantuin
491 672 546 701 per
563 660 798 691 misericordiam
817 669 932 689 suinus‘
949 660 1080 698 accepti,
1100 659 1138 688 ad
1157 658 1229 697 quid
1249 659 1337 697 igitur
1355 662 1406 688 aut
1424 668 1484 697 quo
1511 657 1672 696 requiritur
1696 665 1774 685 nova.
1798 655 1981 685 obedientia.
2026 653 2086 683 Ex-

77 711 142 738 tant
158 708 281 746 scripta.
326 705 394 737 Nec
413 705 535 744 defugio
554 708 688 734 vestrum
707 703 860 743 iudiciuin,
880 713 918 732 ne
937 703 1057 741 quidem
1076 701 1252 731 Amsdorlii.
1298 700 1364 730 Nec
1384 711 1514 740 unquam
1533 700 1615 729 aliud
1641 699 1792 739 spectavi,
1821 708 1910 737 quam
1940 701 1973 726 ut
1997 706 2087 736 quam

77 751 288 791 propriissime
307 759 359 783 ea,
379 759 457 788 quae
476 758 531 777 vos
550 748 686 781 docetis,
705 746 903 785 explicarem.
930 746 1002 785 quia
1025 745 1177 779 sciebam,
1201 743 1311 774 multas
1341 743 1454 773 habere
1482 743 1689 773 incommodas
1723 741 1761 771 de
1789 742 1881 771 tantis
1906 740 1998 769 rebus
2025 740 2087 779 opi-

78 794 216 823 uiouesJ
262 792 311 822 Ex
329 791 378 821 his
396 792 475 821 enim
495 792 567 821 item
586 789 730 828 colligere
749 789 837 824 licet,
856 793 1008 818 auctorem
1028 788 1066 817 de
1084 787 1152 817 loco
1173 787 1386 826 Cousessionis
1402 788 1544 816 variatae
1566 788 1628 816 ium
1650 787 1818 827 impressae
1835 794 1872 813 se
1891 782 2064 813 defendere.

234 847 277 877 Ut
295 848 333 877 (le
352 851 503 886 tempore,
524 857 583 885 quo
603 845 680 875 haec
698 845 799 874 Editio
819 845 902 883 typis
921 844 1074 882 descripta
1091 844 1150 878 sit,
1170 844 1278 872 certior
1303 844 1420 877 fierem,
1446 852 1552 872 omnes
1582 841 1731 881 epistolas
1751 840 1820 869 inde
1846 840 1884 869 ab
1910 839 1993 868 initio
2012 838 2087 868 Maii

81 892 171 922 1535.
189 900 288 930 usque
307 890 345 919 ad
365 890 453 918 tinem
473 890 541 918 anni
565 891 656 919 1540.
676 889 703 917 in
724 887 814 916 huius
835 887 977 926 Corporis
998 886 1069 915 Vol.
1090 885 1125 916 ll.
1145 890 1175 916 et
1197 885 1246 916 lll.
1267 887 1436 916 accuratius
1460 885 1655 925 perlustravi,
1674 888 1704 913 at
1723 883 1837 913 nullum
1858 883 1956 912 inveni
1975 881 2087 918 locum,

78 935 108 964 in
127 944 188 973 quo
206 937 308 962 auctor
327 933 364 962 de
384 932 439 961 hac
458 931 514 961 Ed.
534 931 582 960 vel
602 930 783 960 elaboranda
806 930 854 960 vel
880 929 1062 969 divulganda
1087 929 1260 960 dissereret,
1306 929 1355 959 Ex
1380 929 1491 968 quibus
1516 927 1644 967 colligo,
1669 931 1700 956 et
1724 926 1963 956 elaborationem
1986 928 2017 955 et
2035 926 2088 954 im-

77 977 271 1017 pressionem
289 977 357 1005 eius
377 985 458 1004 anuo
484 977 574 1005 1535.
595 984 667 1003 esse
687 974 806 1003 finitam.

234 1031 282 1061 Eo
301 1032 398 1069 inagis
418 1030 582 1060 mirandum
602 1038 668 1064 est,
689 1029 769 1068 quod
788 1039 806 1058 a
831 1029 950 1057 nemine
975 1027 1136 1066 bucusque
1163 1026 1256 1056 ullum
1285 1026 1454 1065 exemplum
1481 1025 1632 1056 Editionis
1655 1025 1947 1063 &Vittembergensis
1977 1023 2088 1053 latinae

81 1072 299 1104 confessionis
318 1075 387 1103 anni
410 1076 500 1104 1535.
522 1077 571 1103 est
591 1074 752 1102 inventum.
797 1071 928 1101 Exstant
951 1070 1072 1109 quidem
1091 1069 1251 1099 Editiones
1271 1070 1340 1098 eius
1359 1069 1436 1098 duae
1459 1069 1550 1098 huius
1569 1069 1647 1102 anni,
1667 1078 1791 1107 quarum
1810 1067 1904 1096 altera
1927 1065 2088 1106 Augustae

87 1117 318 1147 Vindelicornm
338 1119 374 1146 4⁰
386 1117 457 1154 Η),
477 1116 570 1146 altera
593 1116 769 1154 Hayanoae
782 1116 818 1144 8⁰
831 1115 903 1152 ***)
924 1114 1075 1152 impressa
1088 1116 1146 1147 est,
1160 1116 1190 1142 at
1208 1116 1335 1151 utraque
1348 1122 1406 1140 non
1426 1112 1464 1140 ad
1487 1110 1544 1141 Ed.
1557 1110 1867 1148 wittembergensem
1885 1109 1985 1139 adhuc
2008 1109 2088 1139 desi-

80 1160 232 1199 deratam,
251 1159 309 1189 sed
332 1159 371 1188 ad
393 1159 451 1189 Ed.
471 1159 780 1197 Wittembergensem
799 1156 867 1186 anni
894 1158 986 1186 1531.
1005 1159 1129 1185 octavae
1153 1155 1265 1184 formae
1285 1158 1420 1193 spectat,
1445 1155 1557 1194 quippe
1581 1164 1618 1183 ex
1642 1164 1702 1193 qua
1725 1163 1834 1182 recusa
1853 1157 1910 1182 est.
1925 1155 1957 1192 †)

235 1214 452 1247 Peucerus.
472 1224 566 1253 gener
587 1213 808 1247 Melanthonis,
828 1212 906 1242 hanc
929 1222 1037 1242 novam
1049 1210 1223 1240 Editionem
1241 1220 1322 1239 anno
1350 1212 1440 1241 1538.
1455 1211 1604 1249 scriptam
1617 1219 1690 1239 esse
1709 1208 1873 1239 contendit.
1887 1211 1938 1247 ἢ)
1961 1208 2038 1237 Nam
2058 1208 2088 1236 in

81 1257 215 1297 epistola
236 1257 421 1287 dedicatoria
443 1257 482 1286 ad
504 1256 741 1286 maximilianum
761 1255 879 1294 Regem
908 1254 1078 1284 Boliemiae
1101 1258 1175 1288 etc„
1200 1263 1288 1293 quam
1313 1252 1396 1283 Parti
1425 1252 1446 1282 1.
1466 1253 1601 1292 Operum
1630 1252 1838 1282 Melantlionis
1858 1252 1896 1281 ab
1927 1252 1994 1290 ipso
2024 1250 2089 1279 edi-

78 1304 176 1331 torum
200 1301 353 1340 praefixit,
387 1300 464 1330 haec
491 1300 596 1329 refert:
633 1298 867 1329 „consessionis
902 1298 1100 1336 Augustanae
1129 1297 1273 1326 formulas
1307 1296 1384 1326 duas
1419 1297 1542 1326 inserui.
1595 1295 1723 1325 Primam
1759 1305 1836 1334 quae
1871 1294 2007 1324 exhibita
2040 1296 2090 1323 est

79 1341 192 1373 Carolo
219 1343 260 1373 V.
286 1342 459 1383 Imperatori
483 1343 513 1372 in
543 1341 684 1372 Coniitiis
719 1341 910 1380 Augustaiiis
945 1341 1013 1370 anni
1049 1342 1138 1370 1530.
1166 1339 1223 1370 „Et
1256 1344 1439 1379 postremam
1473 1340 1622 1378 scriptam
1651 1339 1742 1368 Anno
1777 1339 1932 1367 tricesimo
1968 1341 2089 1371 octavo,

78 1387 215 1427 proxime
237 1390 306 1416 ante
329 1386 481 1425 colloquia
503 1385 730 1415 WVOrmatiense
749 1388 780 1414 et
798 1384 1041 1423 Ratisponcnse‚
1065 1393 1143 1422 quae
1169 1382 1314 1412 fusiorem
1339 1382 1432 1412 habet
1461 1387 1493 1413 et
1526 1383 1681 1412 clariorem
1710 1381 1942 1421 explicationem
1975 1390 2090 1414 eorum,

79 1439 158 1469 quae
181 1431 210 1459 in
234 1430 333 1468 priore
357 1430 478 1459 brevius
502 1439 558 1459 ceu
581 1429 756 1458 indicantur.
802 1427 873 1457 Fuit
895 1431 995 1457 autem
1025 1427 1176 1466 posterior
1198 1427 1311 1465 scripta
1340 1435 1358 1455 a
1388 1425 1549 1465 Philippo,
1573 1425 1748 1459 mandante,
1775 1427 2030 1463 recognoscente,
2060 1425 2091 1452 et

81 1473 267 1512 approbante
286 1471 440 1505 Lutherc,
465 1476 496 1502 et
518 1481 650 1501 necesse
674 1471 729 1501 fuit
751 1481 816 1500 eam
840 1471 932 1500 scribi
956 1473 1078 1509 propter
1095 1469 1304 1503 adversarios,
1328 1469 1409 1508 quod
1427 1469 1523 1498 multa
1541 1468 1751 1498 cavillarentur
1774 1467 1833 1504 illi,
1858 1477 1935 1506 qnae
1959 1466 2091 1506 oportuit

80 1515 240 1555 explicari,
269 1518 302 1545 ut
337 1515 519 1545 occasiones
556 1519 587 1545 et
618 1517 793 1554 argumenta
820 1514 924 1544 talium
954 1511 1194 1547 cavillationum,
1223 1513 1250 1541 si
1279 1512 1378 1542 denuo
1403 1512 1442 1541 ad
1476 1512 1711 1552 disputationum
1741 1512 1898 1541 conflictus
1928 1510 2090 1539 deventum

81 1561 186 1599 esset,
210 1559 258 1588 eis
281 1558 492 1588 adimerentur.
537 1558 657 1588 Deinde
681 1557 762 1597 qnod
781 1567 819 1587 ex
841 1558 939 1596 priore
967 1555 1061 1586 multa
1084 1559 1304 1590 mutuarentur,
1335 1556 1447 1595 quibus
1475 1565 1533 1584 sua
1557 1556 1730 1595 pingerent,
1756 1555 1837 1584 sicut
1864 1563 1914 1583 res
1944 1552 2089 1586 ostendit,

80 1600 175 1630 multa
197 1611 253 1630 eos
277 1602 306 1630 in
330 1601 486 1641 plerisque
510 1602 725 1631 controversiis
747 1600 893 1634 leniisse,
918 1609 994 1629 usos
1018 1598 1155 1628 formulis
1178 1602 1365 1633 nostrorum,
1388 1602 1421 1628 ut
1444 1600 1631 1638 imponerent
1654 1598 1810 1637 imperitis.
1856 1597 1927 1627 Fuit
1945 1606 2016 1635 ergo
2039 1595 2091 1625 de-

82 1642 245 1673 claratione
268 1644 410 1674 uberiore
429 1654 534 1684 opusm
581 1644 666 1673 Haec
688 1643 858 1673 retractatio
881 1641 1098 1672 Confessionis
1122 1643 1150 1671 in
1175 1641 1226 1671 illa
1244 1641 1335 1671 Parte
1358 1640 1380 1671 l.
1405 1641 1455 1671 sol.
1480 1645 1548 1676 39„
1571 1642 1622 1671 ubi
1642 1641 1771 1675 orditur,
1795 1651 1813 1670 a
1842 1639 2017 1669 Pencero
2044 1639 2090 1668 sic

82 1686 229 1725 inscripta
251 1690 311 1717 est:
335 1685 446 1716 „Iidem
460 1686 587 1717 Articuli
613 1687 769 1726 copiosius
793 1690 823 1716 et
835 1685 1015 1725 explicatius
1027 1685 1170 1715 declarati
1183 1685 1369 1714 *vormatiae
1381 1695 1458 1714 anno
1478 1684 1692 1714 MDXXXX.
1713 1688 1834 1724 propter
1851 1682 2091 1713 adversariorum

81 1728 287 1759 calumniosas
308 1730 571 1769 interpretationes
595 1733 625 1759 et
648 1729 842 1769 sophisticas
866 1728 1040 1765 elusiunes,
1059 1739 1117 1758 non
1141 1732 1254 1758 mutata
1272 1738 1368 1758 rerum
1392 1729 1574 1758 sententiaa
1590 1730 1649 1767 †††

237 1783 315 1814 Cum
338 1789 437 1815 autem
462 1796 560 1825 neque
579 1786 647 1815 anni
674 1787 784 1822 1535„
808 1795 906 1824 neque
930 1785 997 1814 anni
1024 1786 1116 1815 1538.
1140 1784 1234 1814 ullum
1254 1784 1424 1824 exemplum
1453 1784 1605 1814 Editionis
1635 1783 1927 1822 NVittenibergcnsis
1957 1782 2090 1811 variatae

32 1846 37 1850 -
81 1826 192 1857 latinae
216 1826 433 1858 Confessionis
457 1828 618 1868 hucusque
637 1829 788 1858 inventum
808 1829 866 1865 sit,
886 1828 1109 1868 progrediamur
1131 1827 1170 1857 ad
1188 1828 1255 1857 eius
1278 1827 1451 1858 Editionem
1479 1827 1790 1866 VVittembergensem
1819 1826 1888 1855 anni
1922 1827 2015 1855 1540.
2039 1833 2088 1853 ac-

81 1871 214 1900 curatius
234 1871 474 1901 describendam.
521 1872 608 1903 Haec
630 1872 677 1901 sie
701 1872 844 1911 inscripta
867 1875 930 1901 est:

195 1972 222 2005 ”)
241 1974 310 1999 llaec
328 1975 436 2005 epistola
455 1975 480 2000 in
498 1975 574 2001 huius
592 1975 710 2006 Corporis
729 1975 781 2000 Vol.
800 1975 838 2000 lll.
857 1981 880 2006 p.
900 1976 947 2000 179
966 1981 1022 2006 sqq.
1042 1981 1135 2000 recusa
1155 1978 1206 2000 est.
1254 1982 1258 1987 ·

181 2015 220 2048 ⁸¹)
240 2017 310 2042 ilani:
327 2017 369 2043 Ed.
387 2023 420 2043 ex
437 2018 592 2044 Bibliotheca
610 2021 692 2044 senat.
710 2018 822 2044 Norimb.
841 2018 866 2044 in
884 2018 1003 2044 manibus
1021 2019 1113 2044 liabeo.

159 2061 217 2094 ⁸'·)
237 2063 304 2089 llaec
322 2064 364 2090 Ed.
382 2065 408 2090 in
426 2065 490 2091 meis
508 2065 580 2091 libris
600 2067 647 2091 est.

177 2110 208 2142 ἦ)
228 2110 300 2136 Corit'.
320 2111 512 2138 reueriinus
531 2113 548 2137 1.
569 2113 585 2137 l.
605 2113 623 2138 l.
643 2119 666 2144 p.
684 2113 725 2138 45.
744 2114 770 2138 et
787 2114 940 2139 welserus
960 2113 977 2138 l.
997 2113 1012 2138 l.
1031 2113 1058 2138 ll.
1078 2119 1103 2144 p.
1124 2113 1156 2138 99
1176 2119 1222 2144 sq.‚
1241 2113 1284 2138 ubi
1302 2112 1351 2138 hac
1370 2112 1444 2138 Editt.
1464 2114 1641 2138 recensentur.

175 2157 222 2189 ††)
240 2158 276 2183 Ad
299 2158 410 2199 eund-cm
435 2165 529 2184 annum
555 2159 667 2185 rel'crtur
691 2166 705 2185 n
733 2160 830 2186 Nicol.
861 2160 1071 2189 Scineccero,
1102 2159 1143 2191 qui
1172 2160 1196 2184 111
1220 2159 1312 2186 libello
1334 2160 1508 2191 synodorum
1529 2159 1754 2191 praecipuarum
1777 2159 1812 2183 so.
1833 2159 1875 2186 91.
1896 2160 1959 2185 haec
1978 2159 2090 2190 scripsit:

238 2194 327 2222 ..Anno
350 2194 419 2219 1038.
438 2194 568 2224 recognita
587 2197 627 2219 est
646 2196 793 2224 Augustana
814 2194 942 2220 consessio
962 2195 1100 2225 posterior.
1121 2193 1253 2224 relegente
1273 2197 1298 2220 et
1317 2196 1474 2225 approbante
1494 2195 1612 2223 Luilieio.
1633 2197 1658 2219 iit
1678 2195 1725 2218 vii-i
1744 2193 1827 2218 adhuc
1852 2196 1933 2219 testes
1953 2194 2091 2224 affirmant,

238 2230 265 2266 ut
284 2233 389 2257 prorsus
408 2234 514 2266 necesse
533 2234 583 2253 non
602 2229 635 2254 si:
653 2229 729 2254 tidem
750 2230 846 2254 liabcrc
865 2230 909 2256 iis.
928 2230 969 2260 qui
989 2229 1141 2254 cavillantur
1159 2229 1306 2259 discrepare
1324 2230 1496 2260 exemplaria.
1515 2236 1571 2254 enin
1593 2231 1690 2253 tantum
1712 2228 1828 2253 iiiniiisco
1848 2231 1872 2253 et
1892 2229 1998 2254 fasciola
2025 2235 2090 2259 opus

238 2263 646 2301 sit-‘notante*dissimilitudinem
668 2264 692 2288 iu
710 2264 796 2289 verbis
815 2264 956 2294 horumque
976 2264 1045 2294 copia
1067 2266 1089 2288 et
1110 2269 1160 2288 non
1178 2263 1203 2288 in
1222 2265 1370 2294 sententia,
1389 2265 1455 2295 quod
1475 2265 1603 2294 Philippus
1623 2263 1647 2287 in
1667 2263 1791 2293 conoquio
1818 2263 1999 2289 Woriiiatiensi
2019 2263 2090 2288 Eccio

237 2295 366 2321 obiicienti
385 2296 616 2322 dissimilitudinem
636 2299 810 2329 exemplorum
831 2298 1005 2324 Confessioiiis
1025 2299 1190 2327 Augustaiiae
1210 2298 1352 2328 respondit,
1376 2305 1462 2324 rerum
1489 2298 1598 2323 candem
1618 2303 1677 2322 esse
1696 2297 1866 2327 sci.teiiiiam,
1890 2299 1938 2323 etsi
1963 2298 2091 2328 quaedam

238 2330 373 2394 gbiie'illissig‘
386 2331 533 2391 cpoonsstlcartiofe
551 2331 662 2358 editione
681 2333 721 2358 vel
741 2333 905 2364 explicatiora
924 2333 975 2358 sint
993 2336 1096 2363 propter
1119 2332 1296 2364 adversarios,
1320 2333 1361 2358 vel
1383 2334 1466 2364 magis
1491 2333 1615 2363 mitigata.
1652 2333 1680 2358 Et
1703 2332 1750 2357 hoc
1772 2337 1897 2363 responso
1923 2333 2022 2359 Eccium
2050 2338 2092 2358 ae-

157 2410 222 2450 ffi)
241 2411 277 2451 01)
295 2411 359 2451 haec
377 2418 391 2451 a
410 2413 554 2452 Peucern
575 2415 682 2445 utroque
700 2414 755 2439 loco
773 2414 855 2439 relata
874 2414 1067 2440 l'euerlinus
1087 2414 1103 2438 l.
1122 2414 1139 2439 1.
1160 2414 1177 2439 1.
1196 2420 1220 2444 p.
1240 2415 1281 2441 46.
1300 2415 1424 2445 haesitat,
1446 2421 1478 2440 311
1497 2415 1561 2440 liaec
1580 2414 1623 2441 Ed.
1643 2413 1675 2439 ad
1695 2414 1878 2439 31111111111538.
1894 2414 1927 2439 511
1944 2412 2092 2439 reserenda.

239 2447 280 2471 Sic
297 2452 365 2471 enirn
385 2453 409 2471 111
430 2447 571 2472 Ε111;ιοηι1111
591 2448 765 2474 confessionis
789 2450 940 2474 recensione
967 2448 1108 2473 secundum
1131 2454 1257 2474 annorum
1283 2449 1397 2474 ordinem
1423 2449 1523 2479 diff-resia
1550 2449 1565 2474 l.
1585 2449 1601 2474 l.
1626 2448 1738 2478 scripsit:
1764 2454 1803 2476 ,,3.
1831 2449 1904 2473 1532.
1941 2449 2040 2478 Quaer..
2059 2454 2092 2473 an

239 2480 306 2520 torte
326 2481 374 2519 hoc
391 2487 458 2506 anno
478 2482 526 2506 iam
547 2482 671 2512 impressa
691 2484 799 2512 primum
820 2483 897 2508 suerit
916 2483 995 2508 Editio
1014 2483 1089 2507 ialde
1107 2484 1206 2508 variata
1225 2486 1250 2508 et
1269 2486 1395 2513 corrupta,
1414 2490 1480 2514 quae
1501 2483 1533 2508 ad
1553 2490 1575 2508 a.
1603 2485 1675 2509 1510.
1702 2481 1793 2507 referri
1818 2483 1903 2508 solet?
1939 2483 2009 2509 Ratio
2033 2488 2091 2507 mea

239 2515 370 2556 d,u¹'¹²³¹,¹d,¹
388 2516 453 2540 haec
470 2518 522 2543 cst,
541 2516 607 2547 quod
627 2523 807 2547 nonnunquam
827 2518 860 2543 311
879 2524 901 2542 3.
925 2518 989 2542 1538
1009 2517 1135 2545 refertur.
1154 2523 1176 2542 e.
1195 2523 1219 2547 g.
1240 2518 1263 2543 in
1284 2519 1450 2543 liuornbeckii
1477 2519 1581 2543 sumnia
1606 2518 1770 2543 Controvers.
1789 2523 1813 2547 p.
1839 2519 1888 2543 623
1909 2520 1934 2542 et
1958 2518 1982 2542 111
2006 2517 2091 2542 Indice

238 2549 378 2588 tolumiiiis
398 2550 414 2590 ¹:
433 2551 542 2590 Operum
563 2551 624 2576 Pliil.
641 2552 841 2578 Melanrlilhonis
860 2553 899 2577 liis
919 2553 1017 2577 verbis:
1037 2554 1099 2579 Aug.
1124 2552 1299 2578 consessionis
1323 2553 1401 2577 editio
1425 2556 1569 2583 postrema.
1596 2558 1660 2583 quae
1684 2552 1793 2581 repetita
1815 2555 1856 2576 est
1878 2558 1902 2576 a.
1931 2552 2008 2581 1538,
2031 2554 2091 2576 ante

238 2583 363 2624 colloquia
384 2584 569 2624 iiDormatiense
588 2589 614 2611 et
633 2586 825 2618 Ratisponeiise,
843 2587 959 2618 quamvis
979 2587 1002 2612 in
1022 2587 1186 2616 inscriptione
1204 2587 1285 2618 ipsius
1304 2587 1380 2612 liuius
1400 2591 1513 2612 mutatae
1538 2586 1713 2612 contessionis
1737 2586 1780 2611 tol.
1802 2587 1845 2613 39.
1872 2586 1990 2612 dicantur
2013 2585 2091 2611 lidem

239 2618 341 2643 Articuli
360 2620 486 2649 copiosius
506 2624 531 2645 et
549 2620 700 2651 explicatius
719 2621 843 2647 declarati
862 2621 1016 2647 wormatiae
1035 2628 1057 2647 a.
1078 2622 1157 2652 1510,
1175 2625 1280 2652 propter
1297 2622 1399 2647 advers.
1420 2622 1532 2647 calumn.
1552 2622 1693 2652 interpreti.
1712 2622 1778 2645 etc.“

1831 2671 1885 2695 22·
