2324 2944
110 274 344 314 transferrem,
379 274 572 308 charitatem
606 279 716 306 autem
749 283 816 305 non
846 273 975 312 habeo,
1008 272 1089 305 nihil

109 329 215 352 sum..
240 317 337 351 Cedit
369 319 468 360 igitur
501 319 533 350 in
567 315 625 349 tali
658 327 741 348 casu
775 316 859 348 fides
889 316 1088 358 aliquamdiu

109 362 281 400 charitati,
310 368 487 404 propterea
508 360 696 392 huiusmodi
719 359 921 391 offensiones
952 358 1088 402 diligen-

109 411 160 438 ter
182 405 339 437 vitandae
363 411 450 436 sunt.
494 403 586 435 Haec
609 404 691 434 satis
714 409 766 434 est
787 403 968 434 monuisse.

196 447 250 480 De
279 448 507 480 traditionibus
530 446 698 478 hominum
727 455 792 476 non
816 447 955 487 prodest
978 455 1087 487 usque

109 491 195 524 adeo
211 489 347 523 multum
361 490 506 533 quotidie
529 490 699 531 disputare
716 489 805 529 apud
828 488 962 530 vulgus,
985 490 1031 527 ³⁶)
1044 489 1089 519 At

109 535 164 567 isti
198 541 276 565 sunt
304 535 519 565 maximorum
552 531 788 563 scandalorum
822 538 969 571 autores,
1004 533 1090 563 sicut

110 578 166 620 qui
188 575 289 618 vulgo
312 583 389 608 sunt
412 583 547 608 autores
569 575 704 607 maioris
727 573 893 606 licentiae.
906 577 953 612 8⁶)
978 574 1089 610 Quare

108 630 176 651 non
200 621 313 660 potius
336 619 511 651 hortantur
533 628 593 650 eos
617 618 659 649 ad
679 618 896 650 servitutem?
920 624 954 649 ut
968 616 1090 649 Paulus

107 663 166 694 ait:
203 662 266 697 Qui
286 668 427 694 vocatus
450 668 502 693 est
524 662 556 693 in
581 661 851 698 circumcisione,
881 671 948 692 non
977 671 1086 691 aecer-

106 711 162 737 sat
185 705 410 746 praeputium,
443 703 507 740 Qui
531 710 583 736 est
605 704 691 745 apud
718 714 794 742 θος,
825 704 882 746 qui
910 709 1092 735 vescuntur

107 748 278 786 carnibus,
301 754 460 779 vescatur
482 748 514 778 in
533 748 664 779 nomine
678 746 821 785 Domini,
844 746 909 782 Qui
928 753 980 778 est
1002 746 1091 787 apud

106 789 203 830 alios,
227 801 294 822 non
318 796 515 829 vescentes,
538 801 604 822 non
627 791 750 822 iudicet
775 800 834 822 eos
858 796 891 821 et
915 790 1090 822 abstineat.

106 833 182 866 Hoc
210 833 384 866 consilium
421 834 510 865 dedit
538 834 739 865 Ambrosius
769 833 865 865 matri
899 833 1092 875 Augustini,

106 882 143 909 ut
161 876 288 909 Romae
312 883 467 909 servaret
489 877 572 908 ritus
598 877 682 913 eius,
704 877 802 908 nobis
826 875 1005 907 Mediolani
1024 875 1091 906 Me-

107 918 275 952 diolanam
299 921 393 957 ritus,
427 920 509 951 satis
534 920 618 951 enim
643 921 757 957 sciret,
769 921 816 957 57)
841 919 929 961 quod
953 929 1020 950 non
1044 919 1091 950 iu-

105 962 259 995 stificent.
298 962 487 1005 Diligenter
510 964 606 995 etiam
627 963 817 994 discernant
840 960 1092 993 ecclesiasticas
1117 976 1122 985 ι

1117 988 1122 1039 i
1146 1012 1201 1035 aut
1226 1005 1353 1034 interna
1376 1005 1530 1042 πολιτικά,
1553 1006 1572 1035 i.
1597 1015 1625 1035 e.
1645 1003 1767 1045 politia,
1791 1004 1851 1034 sed
1874 1004 2019 1037 sicut‘ss)
2044 1002 2127 1034 Pau-

105 1006 315 1043 traditiones,
339 1017 381 1037 ne
404 1012 515 1047 putent
541 1004 672 1047 legibus
692 1004 843 1037 civilibus
868 1004 1091 1036 conscientias

106 1059 173 1081 non
197 1049 313 1080 teneri.

105 1090 215 1124 solum
238 1097 377 1133 propter
399 1097 532 1129 metum,
554 1092 616 1122 sed
639 1091 736 1122 etiam
759 1096 896 1131 propter
916 1089 1093 1121 conscien-

107 1135 197 1167 tiam.

286 1233 347 1267 DE
369 1234 619 1267 LIBERTATE
643 1233 927 1267 CHRlSTIANA.

190 1303 344 1336 Libertas
375 1302 562 1335 Christiana
586 1304 726 1346 primum
751 1304 836 1336 haec
860 1309 930 1342 est,
965 1302 1091 1335 habere

103 1347 336 1380 remissionem
359 1353 573 1388 peccatorum
597 1357 657 1389 per
681 1346 850 1379 Christum
870 1353 904 1379 et
927 1347 1091 1388 consequi

102 1389 262 1432 Spiritum
285 1396 450 1428 sanctum,
472 1400 532 1432 per
556 1401 652 1432 quem
675 1390 856 1422 liberemur
879 1401 900 1422 a
924 1395 1091 1432 potestate

103 1432 239 1465 diaboli.
270 1432 338 1464 lob.
362 1433 392 1464 4.
427 1433 463 1465 Si
488 1443 550 1465 vos
575 1433 662 1465 fitius
686 1432 855 1473 liberarit,
887 1443 967 1465 vere
996 1431 1091 1464 liberi

102 1477 197 1508 estis.
243 1475 295 1508 De
329 1476 395 1509 hoc
429 1477 536 1518 gradu
572 1476 738 1509 libertatis
768 1476 944 1518 diligenter
968 1477 1090 1507 docen-

102 1519 179 1551 dum
203 1525 264 1552 est.
309 1519 394 1551 Nam
426 1519 509 1552 haec
539 1520 634 1552 afl'ert
669 1521 885 1552 conscientiis
914 1520 1089 1552 maximam

102 1561 287 1595 utilitatem.
324 1564 370 1601 se³)
384 1561 580 1595 Consolatio
606 1564 690 1595 enim
715 1570 880 1605 concepta
904 1563 1017 1601 corde,
1040 1561 1090 1593 lu·

103 1611 234 1638 ctantes
259 1616 334 1638 cum
358 1607 520 1647 peccatis,
540 1607 643 1645 iuvat,
665 1617 764 1649 quum
791 1609 902 1638 sciunt
925 1607 988 1637 sibi
1012 1616 1090 1647 pro·
1113 1606 1118 1647 Ι

102 1649 241 1680 missum
264 1659 343 1680 esse
366 1648 522 1680 auxilium
546 1650 710 1681 adversus
729 1650 949 1682 infirmitatem
965 1649 1089 1686 carnis,

103 1691 267 1722 adversus
291 1690 466 1729 diabolon,
494 1702 536 1724 ne
559 1693 755 1730 vincantur,
789 1703 831 1725 ne
855 1693 1024 1734 rapiantur
1046 1692 1089 1723 ad

103 1734 317 1775 peccandum.
330 1736 376 1771 S2¹³)

191 1777 366 1809 Secundus
401 1778 525 1819 gradus
555 1784 624 1817 est,
663 1777 825 1810 liberatos
860 1788 938 1810 esse
971 1788 1034 1810 nus
1070 1788 1090 1809 a

102 1816 180 1894 {ege
208 1819 317 1892 glosi,
351 1821 438 1852 sicut
468 1819 593 1853 Paulus
622 1822 668 1853 ait
695 1821 737 1853 ad
767 1820 893 1864 Ephes.
917 1821 948 1852 2.
973 1828 1006 1853 et
1025 1820 1090 1852 Co·
1114 1822 1118 1846 ἰ

118 1871 187 1894 oss.
234 1886 242 1894 .

191 1905 277 1937 Sunt
299 1911 407 1937 autem
431 1904 516 1948 legis
540 1912 608 1939 tres
633 1913 763 1948 partes:
788 1905 1002 1949 Decalogus,
1025 1906 1088 1938 Ce-

103 1949 273 1981 remoniae
303 1956 334 1980 et
364 1949 540 1981 iudicialia.
587 1950 708 1982 Sumus
743 1951 855 1992 itaque
884 1948 1012 1981 liberati
1050 1959 1089 1981 ea

102 1999 199 2035 parte
221 1990 327 2035 legiS,
351 2003 436 2035 qaae
459 2003 524 2024 non
550 1994 651 2035 exigit
674 1994 829 2025 iustitiam
856 1994 985 2031 cordis,
1017 1993 1090 2024 llae

103 2042 179 2068 sunt
202 2038 413 2068 ceremoniae
436 2044 467 2068 et
492 2037 667 2068 iudicialia‚
700 2036 733 2067 in
758 2035 833 2077 lege
856 2036 942 2068 Mosi
967 2037 1090 2077 primo-

104 2081 234 2122 genitus
259 2079 403 2112 habebat
426 2081 510 2111 duas
533 2088 646 2121 partes
669 2080 901 2118 haere-litatis,
926 2078 1088 2111 Dividun-

104 2124 215 2155 ειη-89)
246 2133 334 2155 nunc
362 2124 451 2155 iuxta
475 2123 644 2155 Romanas
667 2122 777 2165 leges:
813 2122 890 2155 licet
924 2123 1008 2154 enim
1040 2123 1088 2154 uti

105 2164 283 2209 gentilibus
306 2165 456 2210 legibus,
489 2167 565 2210 quia
588 2167 681 2198 Deus
712 2166 911 2209 approbavit
940 2165 1087 2209 gladium

104 2210 259 2252 gentium.

105 2322 153 2354 86)
172 2323 208 2346 At
225 2323 267 2347 isti
286 2336 319 2340 —
339 2322 481 2355 licentiae]
502 2323 534 2348 ab
553 2323 602 2348 Ed.
624 2324 647 2347 2.
668 2322 764 2348 absunt.

106 2373 152 2406 ⁸7)
171 2375 235 2398 ritus
253 2375 316 2404 eius,
335 2374 409 2398 nobis
428 2388 462 2393 —
480 2375 540 2398 satis
560 2376 628 2399 enim
647 2374 744 2407 sciret]
761 2373 809 2399 Ed.
822 2375 844 2400 2.
863 2376 927 2400 ritus
945 2374 1088 2406 Romanos,

175 2408 320 2433 Mediolani
339 2409 550 2433 Mediolanenses
569 2411 642 2440 ritus,
661 2411 721 2440 qnia
740 2411 827 2441 sciret,

107 2459 153 2491 88)
172 2459 326 2484 Consolatio
347 2461 412 2484 enim
431 2474 464 2479 —
482 2462 515 2485 ad
529 2461 706 2493 peccandum]
727 2461 776 2486 Ed.
795 2462 819 2485 2.
840 2461 907 2486 Nam
926 2462 969 2492 qui
988 2461 1086 2486 luctan—
1110 2453 1116 2490 l

176 2498 216 2518 tur
235 2502 290 2518 cum
310 2496 431 2526 peccatis,
451 2504 526 2527 quum
546 2497 631 2520 sciunt.
649 2497 695 2520 sibi
717 2498 867 2527 {remissum
887 2504 941 2520 csse
961 2496 1085 2520 auxilium

177 2528 300 2553 adversus
320 2529 492 2554 infirmitatem
512 2532 606 2561 carnis,
625 2532 747 2555 adversus
767 2531 905 2561 diubnlnn,
930 2539 962 2555 ne
981 2532 1086 2555 vincan-

176 2567 225 2602 tur,
249 2571 280 2587 ne
299 2566 431 2595 rapiantur
449 2566 482 2589 ed
500 2567 671 2597 peccandum,
697 2573 819 2597 magnam
847 2566 942 2590 habent
966 2566 1085 2590 consola·

176 2601 282 2621 nonem,

106 2649 154 2679 89)
173 2648 344 2680 Dividunm]
363 2650 410 2674 Ed.
433 2651 456 2674 2.
475 2651 656 2676 Haereditates
676 2652 826 2676 dividuntur

843 179 884 211 A.
920 177 1130 212 ARTICULI
1152 177 1460 212 VlSlTATIONlS.

358 1047 411 1080 De
435 1048 487 1079 his
511 1050 595 1080 enim
619 1046 745 1080 Paulus
769 1049 833 1079 ait:
857 1047 999 1078 Obedite
1022 1056 1090 1077 non
1120 1043 1122 1046 '
1146 1045 1199 1077 lus
1222 1047 1278 1083 ait,
1301 1049 1465 1085 πολίτευμα
1487 1053 1517 1077 εν
1540 1047 1686 1087 οὐρανοῖς.

1118 1126 1124 1146 l

2082 180 2123 210 25

1228 272 1318 310 Item,
1341 273 1436 314 leges
1459 272 1629 315 gentilium
1660 279 1734 305 sunt
1761 282 1802 304 ex
1824 271 1955 314 legibus
1984 278 2122 304 naturae

1141 314 1313 348 collectae.
1358 317 1464 348 Porro
1489 314 1583 358 leges
1606 321 1744 347 naturae
1773 322 1847 347 sunt
1873 316 1970 346 etiam
1993 315 2124 346 divinae

1139 357 1251 401 leges,
1281 358 1376 390 Rom.
1399 359 1430 390 2.
1477 359 1561 390 Sunt
1594 365 1704 390 autem
1730 357 1830 390 tales:
1863 358 2035 389 Neminem
2057 356 2124 389 lae-

1142 403 1232 440 dere,
1258 401 1360 433 Suum
1384 402 1492 433 unicui
1518 412 1560 433 ue
1582 402 1745 440 tribuere,
1780 402 1833 433 Ab
1856 400 1993 432 alterius
2016 410 2121 432 uxore

1141 446 1326 483 abstinere,
1361 444 1469 477 Certis
1496 412 1635 487 iegibus
1671 445 1878 476 matrimonia
1908 443 2121 481 contrahere,

1142 486 1233 520 alere
1257 487 1420 528 sobolem,
1444 489 1584 519 reddere
1608 488 1759 526 gratiam,
1784 488 1920 519 obedire
1948 487 2122 528 magistra·

1142 532 1242 563 tibus.
1276 530 1371 562 Haec
1393 532 1501 563 omnia
1524 530 1617 562 Deus
1639 531 1774 572 scripsit
1795 531 1828 561 in
1851 530 1967 561 animis
1990 529 2124 561 nostris.

1230 574 1338 610 Quum
1351 582 1460 606 autem
1473 584 1633 606 vocamus
1647 574 1789 611 divinas,
1812 574 1955 614 scriptas
1969 573 2002 603 in
2022 581 2124 603 saxo:

1144 627 1203 648 cur
1225 627 1292 648 non
1316 627 1477 649 vocamus
1500 618 1597 648 etiam
1626 615 1722 659 leges
1745 617 1891 654 divium,
1920 616 2063 657 scriptas
2092 615 2124 646 in

1145 660 1301 692 cordibus
1332 660 1479 691 nostris?
1523 659 1559 692 ln
1587 659 1662 702 lege
1696 659 1785 691 Mosi
1820 660 1965 690 decimae
2000 663 2125 690 tantum

1144 704 1309 735 dabantur
1331 703 1576 741 sacerdotibuS,
1598 703 1687 745 apud
1710 713 1772 734 nos
1796 702 1942 733 decimae
1960 700 2026 732 illis
2049 701 2128 732 dan·

1145 747 1207 778 dae
1230 752 1320 785 sunt,
1343 747 1462 788 quibus
1487 756 1544 778 eas
1559 747 1774 788 magistratus
1788 745 1894 777 nostri
1911 745 1995 776 tradi
2018 744 2124 776 iusse-

1145 790 1222 828 tint,
1236 792 1280 826 ⁹⁰)
1333 789 1391 821 Sic
1424 788 1556 831 legibus
1592 789 1715 820 nostris
1749 788 1984 830 suspendimus
2017 786 2121 825 sures,

1145 831 1200 864 lex
1224 832 1312 864 Mosi
1337 843 1401 863 non
1426 832 1611 874 suspendit.

1231 874 1425 918 Decalogus
1448 882 1556 907 autem
1581 875 1683 917 exigit
1704 875 1859 907 iustitiam
1884 873 2016 911 cordis,
2050 882 2127 914 pro-

1145 924 1259 960 pterea
1282 929 1347 950 non
1371 924 1423 949 est
1445 919 1647 960 abrogatus,
1681 919 1758 960 quia
1787 917 1976 949 Christiana
2004 916 2128 948 iustitia

1146 968 1197 993 est
1219 962 1341 992 iustitia
1365 962 1488 1000 cordis,
1511 962 1586 993 Non
1607 962 1691 993 enim
1716 967 1766 993 est
1789 960 1978 992 ceremonia
1990 965 2128 991 externa

1738 1047 1922 1087 Propterea
1950 1046 2047 1077 etiam
2071 1046 2128 1077 de·

1147 1087 1289 1129 calogus
1313 1095 1364 1119 est
1387 1090 1547 1130 repetitus
1565 1090 1597 1120 in
1611 1088 1795 1132 Evangelio
1816 1096 1849 1120 et
1868 1089 2023 1130 exigitur,
2041 1088 2128 1119 sicut

1146 1132 1191 1162 ait
1225 1131 1405 1163 Dominus:
1440 1132 1514 1163 Non
1548 1133 1667 1173 peribit
1700 1142 1786 1174 apex
1820 1133 1862 1163 de
1897 1131 1983 1173 lege.
2033 1131 2126 1163 Haec

1146 1185 1225 1216 pars
1247 1174 1346 1216 legis,
1369 1185 1455 1216 quae
1478 1175 1602 1216 scripta
1624 1182 1673 1206 est
1692 1176 1725 1206 in
1747 1175 1915 1213 cordibus,
1938 1184 2004 1205 non
2017 1179 2128 1216 potest

1146 1216 1288 1256 aboleri,
1312 1229 1388 1249 cum
1411 1224 1530 1250 natura
1554 1219 1696 1250 humana
1714 1228 1782 1249 non
1801 1218 1843 1249 sit
1860 1216 1995 1256 abolita,
2018 1219 2129 1259 inqua

1146 1262 1274 1302 scripta
1307 1270 1441 1302 semper
1474 1267 1573 1293 extat.
1619 1261 1713 1292 Haec
1741 1261 1903 1292 docentur
1935 1261 2072 1301 copiose
2095 1260 2129 1291 in

1145 1304 1242 1336 Actis
1267 1304 1315 1336 15.
1351 1304 1448 1336 Hunc
1467 1305 1605 1347 gradum
1624 1303 1787 1336 libertatis
1802 1305 1847 1341 92)
1867 1309 1998 1339 oportet
2016 1309 2128 1334 tenere

1145 1357 1223 1387 eos,
1259 1348 1313 1389 qui
1348 1348 1469 1379 docent
1500 1348 1533 1379 in
1568 1345 1734 1385 ecclesiis,
1779 1346 1876 1382 Quod
1892 1349 1937 1383 ⁹⁸)
1966 1357 2041 1378 cum
2063 1355 2132 1377 non

1145 1397 1297 1422 tenerent
1319 1396 1396 1422 ante
1420 1391 1585 1422 biennium
1614 1397 1751 1422 autores
1781 1390 1976 1427 seditionis,
2008 1398 2129 1431 magna

1143 1433 1300 1466 alimenta
1330 1434 1452 1465 iuroris
1480 1441 1707 1475 sumpserunt,
1742 1434 1835 1471 inde,
1871 1434 1948 1475 quia
1982 1433 2128 1464 decimas

1142 1476 1304 1509 volebant
1329 1478 1458 1518 eripere
1481 1476 1656 1515 nobilitati,
1677 1477 1820 1519 quod⁹⁴)
1843 1476 2004 1508 volebant
2027 1485 2128 1507 vena-

1143 1522 1251 1552 tiones
1275 1519 1448 1561 publicari,
1471 1522 1567 1552 etiam
1582 1520 1627 1559 ⁹⁵)
1649 1521 1754 1552 silvas
1767 1529 1962 1551 communes
1975 1518 2128 1556 reddere,

1143 1564 1232 1605 quod
1256 1570 1328 1595 erat
1355 1564 1514 1604 praedam
1536 1564 1666 1604 potius,
1700 1574 1799 1605 quam
1826 1561 2010 1594 libertatem
2034 1561 2128 1593 Chri—

1144 1607 1286 1638 stianam
1310 1607 1443 1638 docere.

1230 1649 1405 1681 Postremo
1429 1655 1538 1681 autem
1570 1649 1703 1681 infimus
1726 1649 1850 1690 gradus
1874 1647 2038 1680 libertatis
2062 1654 2126 1684 est,

1144 1693 1232 1734 quod
1253 1693 1345 1724 Deus
1369 1702 1436 1723 non
1461 1693 1562 1734 exigit
1583 1693 1627 1724 ad
1645 1693 1910 1724 iustificationem
1932 1691 2127 1723 traditiones

1143 1735 1315 1767 humanrs.
1360 1734 1413 1766 Dc
1440 1734 1506 1766 hoc
1529 1746 1595 1767 uno
1621 1735 1744 1777 gradu,
1768 1746 1865 1776 quem
1889 1733 1987 1765 facile
2011 1740 2063 1765 est
2085 1744 2128 1765 ex

1144 1779 1323 1819 praedictis
1348 1788 1568 1820 cognoscere,
1591 1785 1716 1809 tantum
1741 1779 1864 1810 docent
1888 1776 2062 1819 plerique,
2086 1776 2128 1808 de

1143 1822 1371 1863 superioribus
1395 1823 1495 1853 rebus
1520 1822 1627 1863 magis
1650 1822 1851 1852 necessariis
1875 1819 1956 1852 nihil
1975 1826 2031 1852 aut
2048 1830 2126 1851 raro

1142 1863 1340 1907 loquuntur,
1370 1865 1458 1906 quod
1484 1871 1536 1897 est
1559 1865 1659 1906 plane
1687 1863 1807 1904 glutire
1831 1862 1990 1896 camelum
2015 1869 2048 1895 et
2070 1863 2125 1895 de-

1143 1918 1263 1940 vorare
1276 1910 1338 1948 ⁹⁵⁵)
1362 1907 1510 1940 culicem.

1384 2010 1446 2043 DE
1468 2010 1632 2043 LIBERO
1656 2009 1877 2043 ARBITRIO.

1231 2079 1317 2112 Volo
1342 2081 1439 2112 etiam
1462 2081 1612 2113 nonnihil
1637 2081 1677 2112 de
1709 2080 1814 2111 libero
1837 2080 1973 2111 arbitrio
1996 2079 2122 2110 adscri-

1143 2124 1233 2163 bere,
1256 2125 1424 2166 quomodo
1444 2125 1559 2157 doceri
1577 2125 1710 2162 debeat,
1733 2124 1774 2156 de
1787 2134 1852 2166 quo
1864 2121 2012 2165 plerique
2024 2122 2123 2154 valde

1141 2237 1188 2269 90)
1208 2237 1350 2270 iusserint]
1372 2238 1422 2262 Ed.
1443 2238 1466 2262 2.
1487 2238 1624 2262 iusserunt.

1140 2290 1187 2320 91)
1206 2289 1266 2314 Non
1287 2291 1353 2314 enim
1379 2294 1418 2313 est
1442 2303 1475 2308 —
1495 2290 1539 2313 sed
1565 2288 1642 2321 sient]
1669 2289 1719 2312 Ed.
1739 2289 1762 2312 2.
1787 2294 1839 2312 non
1864 2291 1971 2311 externa
1995 2287 2121 2318 quaedam

1211 2325 1252 2348 vel
1273 2325 1445 2349 Caeremonia
1464 2325 1506 2348 vel
1525 2322 1654 2348 πολιτεία.
1692 2323 1745 2348 Sed
1765 2323 1832 2346 sicut

1140 2376 1187 2408 92)
1206 2376 1343 2434 Ebc-rt'atbis]
1366 2377 1414 2400 Ed.
1435 2377 1459 2401 2.
1479 2377 1607 2401 libertatis
1627 2376 1658 2400 de
1677 2375 1791 2407 politicis
1811 2373 2019 2398 ordinationibus
2045 2377 2070 2396 et
2088 2374 2124 2396 iu-

1229 2419 1296 2435 1c1a1
1318 2418 1347 2434 ns

1139 2463 1186 2495 93)
1206 2462 1296 2495 Quod]
1317 2463 1365 2486 Ed.
1387 2464 1410 2486 2.
1430 2469 1504 2494 quem

1140 2515 1187 2547 94)
1209 2515 1289 2547 quod]
1311 2514 1343 2539 ab
1361 2515 1409 2539 Ed.
1431 2516 1455 2537 2.
1476 2513 1552 2538 abest.

1140 2567 1188 2598 95)
1208 2565 1297 2598 etiam]
1319 2567 1344 2590 ιή
1363 2566 1411 2590 Ed.
1432 2567 1455 2590 2.
1477 2565 1550 2590 deest.

1141 2618 1174 2643 95
1183 2620 1208 2650 ⁸)
1228 2618 1367 2649 devorare]
1386 2619 1423 2641 sio
1439 2618 1505 2641 male
1524 2617 1603 2640 Editt.
1620 2624 1667 2648 pro
1688 2616 1825 2645 excolare3
1850 2618 1960 2648 spectant
1980 2614 2041 2638 em'm
2064 2612 2124 2638 haee

1210 2652 1286 2677 verba
1305 2653 1340 2677 ad
1357 2653 1434 2677 locum
1452 2651 1544 2675 Matth.
1566 2651 1607 2680 23,
1626 2651 1667 2675 24.
