2324 2944
96 140 159 174 381

97 233 281 275 scripturae
301 232 469 275 leguntur,
492 241 617 274 easque
630 231 786 263 doctores
806 231 1074 272 interpretantur,
1100 249 1104 294 Ι

97 282 130 309 et
153 275 366 308 omnia-fiunt
390 281 523 316 praeter
545 274 718 306 solennem
741 273 921 306 oblationis
940 284 1075 306 morem.

674 136 712 169 11.
757 137 796 169 B.
843 135 1091 170 CONFESSIO
1114 134 1387 168 AUGUSTANA
1411 135 1522 169 IPSA.

2040 135 2104 168 382

1123 235 1301 271 propterea
1334 230 1423 272 quod
1457 229 1721 262 Thessalonicae
1754 240 1936 271 paucorum
1970 229 2105 261 militum

1123 283 1257 310 necem,
1303 273 1335 304 ui
1358 283 1418 315 per
1445 272 1616 305 tumultum
1645 271 1809 305 interfecti
1833 271 1980 310 fuerant,
2008 273 2105 304 nimis

1102 316 1246 351 ¹acerbe
1279 321 1368 347 vtus
1402 321 1492 354 erat,
1525 316 1812 357 trucidaueratque
1846 322 1972 356 septem
2006 315 2106 347 millia

301 375 370 408 BE
404 375 653 411 V'rRAQVE
689 374 871 407 SPECIE

375 425 734 459 SACRAMENTl.
750 428 794 465 2⁵)

184 499 230 536 26)
253 496 293 529 Et.
317 497 470 538 quoniam
494 495 677 526 communis
700 493 807 525 Missa
830 495 918 536 apud
939 505 1002 526 nos
1025 505 1078 526 ce-

96 539 262 578 lebratur,
283 545 319 571 vt
341 537 504 580 intelligat
533 536 677 579 populus
705 547 743 568 se
776 547 908 579 quoque
939 537 1078 569 sanctifi-

97 584 165 616 cari
188 582 351 625 sanguine
374 580 510 618 Christi,
534 586 567 612 et
590 581 696 611 discat
719 590 833 611 verum
861 591 956 612 vsum
986 591 1077 612 cere-

95 627 240 661 moniae,
274 625 382 656 Datur
411 623 506 655 laicis
535 629 677 664 Vtraque
704 633 783 665 pars
815 623 1023 655 Sacramenti
1046 624 1078 655 in

96 679 203 702 coena
230 667 380 707 Domini,
414 667 491 708 quia
524 673 768 698 sacramentum
802 666 984 698 institutum
1015 672 1078 705 est,

94 722 163 744 non
185 710 293 743 solum
317 720 377 751 pro
396 715 492 751 parte
510 708 700 747 Ecclesiae,
721 708 849 740 scilicet
867 719 927 751 pro
940 710 1079 752 presby·
1104 723 1105 726 ¹

97 755 192 793 teris,
206 754 274 786 Sed
286 754 384 784 etiam
397 763 458 794 pro
471 750 600 793 reliqua
608 751 880 794 Ecclesia,igitur
891 758 923 783 et
936 751 1078 794 populus

95 798 197 830 vtitur
220 797 449 833 Sacramento,
473 795 560 826 sicut
583 794 736 826 Christus
761 795 917 833 instituit,
940 795 980 826 Et
1007 796 1077 836 qui·
1104 815 1106 822 ι

96 839 171 871 dem
201 838 356 869 Christus
386 838 489 877 inquit
524 836 674 868 Matthei.
704 838 754 869 26.
801 838 912 869 Bibite
942 848 983 869 ex
1013 837 1079 869 hoc
1104 854 1106 863 r

96 890 223 919 omneS,
247 880 303 911 vbi
325 878 500 910 manifeste
522 879 567 909 ait
590 879 631 910 de
661 878 803 919 poculo,
833 884 869 911 vt
891 889 1008 910 omnes
1032 880 1078 911 bi-

95 925 185 956 bant.
229 922 270 954 Et
292 932 334 953 ne
363 922 437 963 quis
461 920 610 953 cauillari
628 922 753 962 possit,
777 922 865 964 quod
892 922 925 954 id
953 928 1077 953 tantum
1104 948 1105 955 ,

94 967 137 999 ad
157 965 360 999 Sacerdotes
382 965 557 1006 pertineat,
580 963 673 995 Pauli
698 965 864 996 ordinatio
887 965 930 995 ad
961 964 1077 996 Corin-

94 1009 185 1041 thios
220 1013 362 1040 testatur
394 1013 496 1038 totam
525 1006 710 1039 Ecclesiam
742 1007 956 1039 communiter
983 1017 1078 1039 vsam

95 1061 172 1083 esse
195 1057 334 1092 vtraque
357 1057 462 1091 parte.
507 1050 569 1082 Hic
591 1059 664 1081 mos
692 1051 747 1082 diu
771 1050 890 1081 mansit
920 1050 1017 1081 etiam
1044 1051 1077 1081 in
1103 1071 1104 1082 i

94 1094 205 1127 latinis
228 1092 403 1133 Ecclesia,
425 1103 488 1124 nec
512 1098 657 1131 constat,
678 1093 828 1165 quando,
850 1098 906 1124 aut
931 1102 998 1134 quo
1021 1102 1077 1124 au—
1102 1095 1105 1134 ξ

94 1145 168 1170 tore
190 1142 334 1168 mutatus
358 1137 411 1166 sit.
456 1135 642 1177 Cyprianus
669 1146 687 1166 a
704 1136 796 1176 iquot
825 1134 909 1166 locis
937 1140 1077 1166 testatur

93 1178 217 1222 populo
241 1179 436 1220 sanguinem
461 1179 571 1209 datum
593 1187 690 1216 esse,
724 1177 782 1209 Sic
812 1178 928 1209 scribit
951 1176 1075 1210 alicubi

94 1223 137 1255 ad
171 1220 359 1254 Cornelium
393 1220 527 1262 Papam.
585 1219 659 1256 Quo
693 1221 792 1252 modo
825 1221 985 1252 docemus
1020 1226 1078 1252 aut

92 1274 316 1308 prouocamus
340 1273 400 1295 eos
423 1264 457 1294 in
480 1260 697 1295 confessione
713 1264 868 1301 nominis,
881 1264 1077 1306 sanguinem

93 1318 190 1340 suum
210 1306 366 1345 fundere,
391 1307 420 1338 si
444 1307 491 1337 eis
518 1304 703 1338 militaturis
729 1305 853 1338 Christi
881 1307 1076 1348 sanguinem

93 1350 319 1392 denegamus?
369 1349 438 1380 Aut
463 1350 630 1391 quomodo
665 1349 708 1380 ad
737 1349 885 1391 martyrij
920 1348 1075 1391 poculum

93 1395 235 1427 idoneos
247 1392 401 1430 facimus,
415 1393 443 1423 si
456 1402 522 1423 non
536 1402 595 1423 eos
607 1392 698 1433 prius
712 1393 754 1423 ad
774 1393 951 1424 bibendum
969 1393 1000 1424 in
1014 1392 1076 1424 Ec·
1101 1373 1104 1415 Ῐ

93 1436 198 1470 clesia
209 1434 365 1477 poculum
385 1435 517 1467 Domini
534 1436 604 1466 iure
618 1436 925 1467 communicationis
937 1436 1076 1467 admitti·
1099 1466 1102 1478 ς

91 1479 190 1514 mus?
211 1479 254 1510 Et
265 1479 486 1520 Hieronymus
499 1477 612 1520 inquit,
626 1478 828 1510 Sacerdotes
844 1479 1076 1510 Eucharistiae

92 1523 289 1561 ministrant,
313 1528 344 1553 et
368 1522 563 1564 sanguinem
587 1520 710 1553 Christi
734 1520 867 1563 populis
892 1522 1051 1553 diuidunt.

1103 580 1105 595 i

1101 362 1103 373 ⁴
1123 358 1253 389 ciuium.

1102 1083 1104 1093 ¹
1125 1084 1231 1115 debet.

179 1565 279 1596 Extat
300 1565 333 1596 in
356 1564 513 1596 Decretis
538 1574 646 1596 canon
670 1564 840 1596 Pontificis
864 1563 1001 1603 Gelasii,
1019 1565 1075 1607 qui

92 1608 249 1651 prohibet
270 1608 369 1639 diuidi
392 1614 654 1646 sacramentum,
682 1608 735 1639 his
767 1608 889 1639 verbis.
935 1607 1075 1650 Compe-

92 1652 196 1684 rimus
217 1656 327 1682 autem
349 1651 438 1692 quod
467 1651 613 1691 quidam,
642 1656 773 1692 sumpta
802 1657 928 1683 tantum
956 1661 1074 1692 corpo·
1099 1656 1102 1693 t

92 1695 139 1726 ris
163 1694 251 1726 sacri
274 1694 437 1734 portione,
451 1704 471 1725 a
495 1693 600 1725 calice
623 1694 711 1724 sacri
732 1694 861 1726 cruoris
873 1694 1073 1732 abstineant,
1100 1706 1102 1728 ι

93 1737 149 1779 qui
170 1736 287 1779 procul
309 1737 421 1774 dubio,
444 1737 598 1778 quoniam
617 1737 731 1768 nescio
755 1747 819 1778 qua
838 1737 1074 1779 superstitione

92 1781 256 1813 docentur
277 1780 434 1821 astringi,
455 1786 510 1811 aut
534 1780 664 1821 integra
695 1780 909 1812 Sacramenta
937 1781 1073 1822 percipi-

90 1828 160 1862 ant,
179 1830 236 1855 ant
258 1823 300 1855 ab
323 1822 463 1864 integris
491 1829 691 1861 arceantur,
720 1823 797 1864 quia
828 1823 946 1855 diuisio
976 1825 1074 1855 vnius

91 1866 306 1908 eiusdemque
338 1865 504 1908 mysterii,
534 1866 608 1897 sine
642 1866 761 1907 grandi
794 1865 973 1908 sacrilegio
1007 1877 1074 1899 non

91 1915 205 1952 potest
225 1909 390 1941 accidere.

178 1952 214 1983 In
238 1951 385 1983 Historia
407 1950 586 1993 Tripartita
609 1952 767 1992 scriptum
791 1957 843 1983 est
865 1952 898 1983 in
920 1953 1075 1995 obiurga-

92 1995 182 2027 tione
203 1994 384 2026 Theodosii
407 1994 636 2036 lmperatoriS,
663 2004 762 2036 quem
785 1995 984 2027 Ambrosius
1017 2006 1074 2027 no-

91 2036 150 2071 luit
180 2038 223 2070 ad
255 2038 518 2070 communionem
547 2038 721 2069 admittere
755 2038 826 2070 sine
860 2039 1074 2080 poenitentia,

92 2160 140 2193 25)
158 2159 200 2184 Dc
218 2163 327 2191 vtraqne
346 2159 432 2189 specie
450 2158 627 2191 sacramenti]
644 2166 692 2192 pro
717 2158 763 2183 hac
784 2160 945 2192 inscriptione
971 2160 1074 2185 Editio-

161 2202 222 2219 num
241 2194 265 2220 3.
285 2195 309 2219 4.
328 2191 414 2218 babent
433 2193 513 2218 Editt.
535 2195 558 2219 1.
577 2195 601 2219 2.
621 2193 712 2219 hancce
730 2193 873 2219 bret-iorem:
900 2195 941 2219 De
965 2200 1074 2226 vtraque

160 2229 255 2261 specie.
274 2242 307 2246 —
327 2227 376 2252 Hic
393 2231 453 2259 art„
472 2229 514 2261 qui
531 2229 557 2252 in
576 2229 656 2253 Editt.
676 2230 701 2253 3.
720 2229 745 2254 4.
765 2229 870 2253 necundo
889 2229 940 2253 Ioco
956 2230 1073 2262 proponi-

160 2267 216 2293 tur,
242 2265 268 2288 n'n
293 2263 373 2286 Editt.
399 2264 421 2288 1.
446 2264 470 2289 2.
497 2267 531 2288 est
548 2263 646 2296 primun
671 2263 739 2287 loeus
761 2262 834 2288 huius
866 2263 970 2288 alteriue
992 2265 1074 2298 pmii·

163 2297 335 2329 Consentiom's.

92 2341 139 2373 26)
158 2341 192 2365 Et
218 2341 340 2372 qnoniam
368 2341 509 2364 communis
534 2339 616 2365 Missa
635 2353 667 2359 —
687 2355 720 2359 —
739 2348 791 2365 vna
818 2348 875 2365 cum
904 2340 1072 2375 ceremonia]

161 2376 198 2400 οδε
223 2378 289 2399 torua
315 2375 355 2399 hic
381 2379 430 2399 art.
459 2375 485 2398 in
508 2375 587 2398 Editt.
616 2375 640 2401 3.
667 2376 693 2401 4.
719 2376 835 2400 variatus
860 2379 910 2405 est3
935 2376 960 2399 in
979 2376 1028 2400 Ed.
1049 2377 1073 2402 1.

162 2410 223 2435 enim
242 2411 277 2434 uic
295 2410 397 2442 quitur:
418 2410 504 2433 Laicis
531 2409 606 2433 datur
631 2414 740 2442 vtraqne
765 2411 865 2442 species
889 2424 922 2428 —
947 2424 980 2428 —
1006 2418 1073 2442 quae

160 2444 285 2469 hactenus
304 2444 360 2469 fieri
379 2445 458 2468 solita
477 2448 522 2468 eut.
542 2444 609 2475 (vide
618 2452 696 2476 supra
705 2453 731 2477 p.
751 2446 811 2471 293.
827 2445 870 2469 lin.
890 2446 915 2471 5.
927 2453 992 2477 -Ρ,
1013 2446 1073 2471 294.

163 2479 205 2503 lin.
226 2479 288 2509 14.),
307 2488 323 2503 a
343 2479 412 2503 cuius
437 2478 518 2503 verbi·
536 2479 585 2503 Ed.
605 2479 629 2504 2.
655 2482 748 2503 tantum
774 2479 868 2503 dtmbun
892 2479 952 2503 {ocia
976 2479 1072 2512 differt:

163 2514 190 2544 1)
204 2521 265 2545 pro:
285 2514 416 2545 praecepit
434 2513 501 2545 (vide
511 2521 534 2545 p.
545 2514 604 2539 293.
624 2513 668 2537 lin.
687 2514 725 2543 8.)
743 2512 815 2538 babet
838 2514 888 2538 Ed.
908 2514 950 2540 2.:
975 2515 1073 2545 praeci-

161 2549 213 2580 pit5
236 2548 263 2577 2)
283 2551 339 2580 past
363 2547 453 2572 verbm
477 2555 527 2579 quo
551 2551 643 2571 autore
673 2552 783 2572 mutatus
810 2550 858 2578 sit,
889 2547 1072 2580 subsequentia:

162 2583 281 2613 „tametsi
301 2582 448 2607 Cardinali·
461 2582 579 2607 Cusanu·
599 2583 816 2614 recitet‚quando
835 2584 867 2608 eit
886 2583 1072 2615 approbatm.¹‘

162 2616 230 2647 (vide
243 2625 270 2649 p.
289 2617 350 2643 293.
370 2617 412 2641 lin.
434 2618 474 2643 14.
496 2617 552 2649 15.)
570 2617 597 2641 (n
614 2617 664 2641 Ed.
685 2618 710 2643 2.
728 2619 820 2642 omina
837 2621 900 2642 aune.

1298 357 1359 389 Hic
1382 358 1581 390 Ambrosius
1604 358 1715 400 inquit.
1763 359 1936 394 Quomodo
1959 358 2010 390 his
2039 369 2106 391 ma-

1124 402 1222 432 nibus
1246 401 1411 442 suscipies
1435 408 1587 433 sanctum
1621 401 1753 433 Domini
1784 402 1930 443 corpus?
1959 413 2025 443 qua
2060 408 2105 433 te-

1124 443 1285 480 meritate,
1308 453 1367 475 ore
1389 449 1459 482 tuo,
1480 444 1637 485 poculum
1660 445 1834 486 sanguinis
1862 445 2005 485 preciosi
2032 455 2106 486 per-

1125 485 1229 526 cipies
1249 491 1311 516 etc.
1352 485 1494 518 Constat
1518 487 1617 528 igitur
1639 488 1759 518 veteris
1780 485 1955 519 Ecclesiae
1979 498 2105 519 morem

1125 526 1248 566 fuisse,
1277 528 1356 560 dare
1385 528 1510 570 populo
1540 535 1702 571 vtranque
1735 530 1935 561 sacramenti
1969 537 2107 570 partem.

1104 570 1265 602 ,Tantum
1295 573 1503 603 consuetudo
1537 582 1604 603 non
1639 573 1682 603 ita
1713 579 1807 604 vetus
1843 573 1954 604 adimit
1983 572 2107 614 populo

1104 615 1105 632 ¹
1126 612 1265 645 alteram

1104 672 1105 675 =
1125 657 1334 688 sentiendum
1358 657 1400 688 sit
1424 658 1466 688 de
1490 658 1729 689 cousuetudine
1752 663 1886 698 recepta
1909 664 2027 689 contra
2051 669 2109 690 au-

1301 620 1437 655 partem.
1493 615 1568 646 Non
1607 615 1847 656 disputabimus
1881 621 1989 646 autem
2030 616 2109 657 quid

1125 700 1289 731 toritatem
1313 699 1534 741 Apostolicae
1557 701 1765 741 scripturae,
1793 706 1909 732 contra
1938 699 2106 739 canones,

1104 768 1105 773 ,
1126 747 1242 774 contra
1265 741 1450 783 exemplum
1473 744 1597 775 veteris
1622 743 1806 784 Ecclesiae,
1820 742 2011 786 intelligunt
2023 744 2109 775 enim

1126 795 1241 816 omnes
1265 785 1321 827 pij,
1346 787 1569 818 conscientias
1589 787 1630 818 de
1653 787 1802 818 doctrina
1826 785 2014 818 Christiana
2036 795 2110 819 ver·

1126 828 1203 859 bum
1226 826 1289 859 Dei
1309 828 1486 860 consulere
1509 830 1643 867 debere,
1667 839 1729 861 nec
1753 829 2004 870 approbandam
2028 839 2106 861 esse

1125 870 1398 902 consuetudinem
1421 878 1536 903 contra
1558 873 1694 904 verbum
1718 872 1791 903 Dei.
1838 872 2034 914 Quanquam
2051 883 2108 904 au-

1103 913 1105 945 }
1125 919 1191 944 tem
1215 914 1422 945 consuetudo
1442 915 1615 946 mutauerit
1639 915 1669 946 in
1694 914 1813 946 Latina
1837 914 1988 947 Ecclesia
2017 921 2108 947 vete-

1103 965 1194 986 ⁴rem
1228 965 1369 994 morem,
1408 962 1516 988 tamen
1552 968 1618 989 non
1658 959 1821 999 improbat
1855 963 1912 989 aut
1945 957 2108 1000 prohibet.

1124 998 1196 1029 Nec
1218 1008 1299 1029 vero
1322 997 1464 1030 humana
1486 1001 1646 1031 autoritas
1669 1000 1847 1041 prohibere
1868 1001 2109 1032 ordinationem

1125 1039 1248 1072 Christi
1283 1046 1315 1071 et
1349 1043 1611 1082 receptissimum
1647 1053 1741 1074 vsum
1775 1043 1897 1082 vet-eris
1932 1043 2108 1077 Ecclesiae

1277 1082 1355 1114 Ideo
1384 1093 1446 1115 nos
1477 1094 1543 1116 non
1578 1085 1731 1117 duximus
1763 1085 2004 1127 prohibendum
2030 1096 2108 1119 esse

1126 1136 1221 1158 vsum
1242 1126 1360 1168 integri
1383 1127 1594 1159 sacramenti.
1628 1127 1670 1158 Et
1693 1129 1724 1159 in
1749 1138 1785 1159 ea
1812 1130 1998 1161 ceremonia
2022 1139 2107 1171 quae

1102 1169 1222 1200 'debet
1245 1178 1323 1200 esse
1346 1168 1465 1201 foedus
1492 1176 1626 1202 mutuae
1661 1169 1849 1203 dilectionis
1878 1172 1911 1202 in
1941 1171 2105 1211 Ecclesia,

1124 1221 1191 1243 non
1209 1210 1376 1243 voluimus
1399 1218 1518 1245 contra
1551 1214 1720 1245 caritatem
1752 1214 1824 1246 duri
1856 1224 1933 1246 esse
1967 1214 2108 1247 aliorum

1125 1255 1354 1297 conscientiJS,
1378 1256 1432 1296 qui
1452 1254 1637 1288 maluerunt
1659 1258 1790 1299 integro
1812 1263 2024 1290 sacramento
2048 1258 2107 1297 vti,

1124 1307 1234 1339 neque
1267 1298 1426 1330 seuiciam
1457 1308 1497 1330 ea
1521 1299 1554 1330 in
1577 1309 1615 1331 re
1642 1298 1744 1331 vllam
1779 1301 2001 1332 exercendam
2030 1310 2108 1333 esse

1123 1341 1325 1383 putauimuS,
1348 1341 1415 1373 Sed
1438 1347 1596 1383 quantum
1619 1352 1819 1384 possumus,
1849 1354 1914 1376 vna
1938 1354 2011 1375 cum
2033 1344 2108 1385 ipsa

1125 1383 1313 1415 ceremonia
1346 1384 1549 1417 restituimus
1583 1387 1670 1427 piam
1706 1387 1891 1419 doctrinam
1921 1387 1962 1418 dc
1995 1386 2108 1419 fructu

1102 1450 1103 1455 ,
1123 1427 1344 1465 ceremoniae,
1367 1433 1403 1459 vt
1425 1427 1589 1471 intelligat
1617 1428 1762 1471 populus
1794 1430 1961 1472 quomodo
1990 1439 2104 1462 sacra-

1123 1475 1268 1501 mentum
1291 1471 1500 1512 propositum
1523 1473 1583 1510 sit,
1602 1472 1646 1503 ad
1675 1471 1900 1504 consolandas
1930 1474 2106 1505 conscien-

1123 1512 1187 1544 tias
1211 1522 1325 1544 eorum
1348 1513 1404 1555 qui
1425 1520 1529 1556 agunt
1551 1515 1794 1557 poenitentiam.
1840 1516 1932 1548 Ilaec
1955 1517 2108 1548 doctrina

1121 1556 1239 1587 inuitat
1256 1556 1329 1598 pios
1352 1557 1395 1588 ad
1418 1567 1514 1589 vsum
1526 1564 1560 1589 et
1582 1559 1799 1590 reuerentiam
1820 1560 2033 1598 sacramenti,
2050 1559 2093 1591 Et

1123 1599 1208 1630 enim
1231 1609 1298 1630 non
1322 1598 1431 1631 solum
1455 1601 1641 1633 ceremonia
1664 1600 1812 1633 mutilata
1835 1601 1897 1634 fuit
1914 1608 2025 1641 antea,
2044 1602 2106 1634 sed

1123 1643 1220 1673 etiam
1244 1641 1401 1685 neglecta
1431 1645 1612 1686 praecipua
1641 1645 1792 1677 doctrina
1826 1645 1870 1677 de
1898 1644 2019 1678 fructu.
2063 1645 2106 1678 Et

1100 1696 1101 1701 ¹
1122 1683 1281 1717 fortassis
1304 1686 1514 1719 ceremoniae
1536 1686 1697 1720 mutilatio
1721 1687 1921 1731 significauit
1944 1689 2103 1721 obscura-

1122 1733 1190 1759 tum
1213 1738 1291 1760 esse
1308 1728 1527 1772 Euangelium
1552 1731 1592 1762 de
1616 1732 1779 1774 sanguine
1797 1730 1935 1770 Christi,
1948 1731 2014 1764 hoc
2037 1737 2101 1771 est,

1123 1771 1165 1803 de
1188 1771 1350 1804 beneficio
1380 1773 1497 1804 mortis
1526 1771 1660 1806 Christi.
1706 1774 1804 1806 Nunc
1834 1773 1898 1806 Dei
1929 1774 2105 1814 beneficio,

1123 1820 1304 1847 renouatur
1321 1826 1362 1848 ac
1385 1816 1569 1849 restituitur
1591 1827 1673 1859 pura
1695 1817 1846 1850 doctrina
1869 1818 1911 1849 de
1934 1817 2018 1857 fide,
2038 1828 2104 1850 vna

1124 1867 1199 1890 cum
1221 1859 1421 1890 ceremonia.
1437 1860 1483 1898 26)

1350 1960 1418 1994 DE
1442 1961 1817 1997 CONFESSIONE.
1831 1964 1876 2003 2⁷)

1211 2030 1256 2065 ²⁵¹)
1269 2028 1354 2062 Huic
1385 2032 1471 2072 parti
1502 2032 1673 2064 doctrinae
1692 2031 1900 2065 Christianae
1929 2033 1970 2065 de
1991 2033 2104 2075 poeni-

1122 2072 1236 2111 tentia,
1260 2073 1292 2104 in
1315 2073 1430 2115 primis
1452 2084 1593 2118 magnas
1615 2076 1773 2108 tenebras
1799 2075 1990 2108 offuderunt
2010 2075 2102 2108 theo-

1121 2193 1171 2225 27)
1188 2193 1230 2218 Do
1248 2193 1442 2228 Conse-sione]
1461 2194 1501 2221 hie
1519 2200 1582 2226 οη,
1602 2198 1644 2229 qui
1661 2197 1687 2221 t'n
1705 2197 1788 2222 Editt.
1808 2198 1833 2223 3.
1851 2198 1877 2223 4.
1897 2196 1942 2221 boc
1961 2197 2033 2221 tertio
2052 2197 2104 2222 loeo

1192 2228 1332 2259 exhibetur,
1349 2230 1375 2253 in
1394 2230 1474 2254 Editt.
1495 2232 1519 2257 1.
1537 2231 1562 2256 2.
1582 2235 1686 2263 qum-tue
1705 2235 1749 2256 eut.

1121 2271 1170 2303 28)
1188 2271 1256 2298 Huic
1280 2274 1347 2304 parti
1378 2273 1513 2298 doctrinae
1543 2273 1709 2298 Christianae
1736 2288 1767 2293 —
1788 2288 1820 2293 —
1843 2281 1932 2306 puram
1956 2273 1988 2298 do
2012 2275 2103 2306 poeni-

1191 2308 1271 2331 tentia
1289 2308 1455 2340 doctrinam]
1476 2308 1512 2333 εἰσ
1529 2309 1625 2340 {meyer
1642 2308 1683 2333 lu'c
1701 2312 1750 2334 art.
1770 2309 1796 2333 in
1813 2308 1893 2333 Editt.
1920 2310 1944 2335 3.
1970 2309 1996 2334 4.
2021 2313 2102 2334 retra-

1192 2345 1273 2365 cratus
1291 2345 1338 2372 e⁸t;
1356 2343 1383 2366 in
1400 2343 1449 2367 Ed.
1472 2344 1495 2366 1.
1512 2351 1559 2375 pro
1577 2343 1627 2368 illis
1644 2343 1725 2368 verbis
1746 2343 1807 2369 haec
1819 2344 1944 2376 Ieyuntur:
1965 2343 2102 2368 Conse-sio

1192 2376 1219 2400 in
1237 2375 1362 2409 Ecclesijs
1381 2377 1449 2409 apud
1473 2385 1520 2401 nou
1545 2391 1577 2395 —
1596 2391 1627 2395 —
1653 2379 1776 2403 vtilitatcs
1801 2379 1870 2410 apud
1894 2385 1943 2403 nos
1967 2379 2101 2403 retinetur.

1191 2410 1258 2440 (vide
1275 2418 1351 2444 cupra
1370 2419 1396 2443 p.
1421 2412 1480 2437 302.
1506 2412 1547 2436 lin.
1573 2413 1676 2445 G.—p.
1701 2414 1759 2439 304.
1779 2412 1821 2437 lin.
1844 2412 1890 2442 4.).
1927 2411 1986 2437 Cum
2004 2413 2054 2438 Ed.
2079 2414 2102 2438 1.

1187 2445 1263 2478 plone
1281 2447 1399 2471 consent-’t
1418 2445 1466 2470 Ed.
1486 2447 1511 2472 2.
1531 2447 1640 2478 except-'⁸
1658 2446 1724 2472 hisce
1741 2447 1835 2472 duabu·
1854 2447 1923 2472 tocie:
1949 2448 1977 2480 l)
2006 2445 2100 2472 Verba:

1192 2480 1261 2511 quod
1280 2480 1325 2505 illa
1344 2481 1407 2504 fides
1426 2488 1488 2504 vere
1506 2485 1679 2513 consequatur
1705 2482 1775 2513 (vido
1795 2490 1822 2515 p.
1846 2483 1906 2509 302.
1927 2482 1969 2506 lin.
1997 2482 2054 2514 17.)
2076 2482 2102 2506 (η

1191 2514 1240 2539 Ed.
1260 2515 1284 2540 2,
1309 2515 1346 2539 εἰσ
1372 2519 1467 2539 mutata
1491 2520 1558 2540 nunt:
1584 2517 1653 2548 quod
1676 2517 1722 2541 illa
1746 2516 1810 2542 fides
1833 2518 1860 2542 in
1885 2516 2015 2542 Christum
2040 2523 2102 2541 uere

1192 2554 1380 2581 consequatur;
1398 2550 1429 2581 2)
1452 2549 1531 2574 Verba
1549 2549 1598 2576 Ed.
1625 2552 1662 2576 l.:
1685 2551 1892 2581 satisfactione..
1915 2551 1976 2576 fidei
2001 2555 2027 2576 et
2050 2558 2101 2575 me-

1191 2584 1235 2609 riti
1262 2584 1373 2614 Christi,
1403 2588 1491 2609 αυσιον
1514 2585 1540 2608 in
1560 2584 1609 2609 Ed.
1632 2585 1657 2611 2.
1682 2587 1719 2610 σέο
1744 2586 1868 2611 variavit:
1898 2586 2099 2610 satisfactiones.

1191 2618 1267 2643 Fidei
1286 2626 1348 2643 uero
1368 2623 1393 2643 et
1410 2619 1495 2643 meriti
1515 2618 1620 2649 Christi.
