2324 2944
115 158 180 193 3⁰1
697 160 735 192 ll.

116 263 226 285 nouus
250 259 314 292 est,
336 254 420 286 Nam
445 260 576 286 veteres
593 260 671 287 ante
683 254 881 297 Gregorium
893 266 958 287 non
973 255 1097 288 faciunt

682 296 736 329 De
749 299 879 330 comuni
901 298 1007 331 Missa
1025 298 1096 340 plu-

583 346 752 371 sostomus
772 343 814 380 76)
837 341 897 377 ait,
932 341 1096 374 Sacerdo—

115 387 182 413 tem
197 383 252 422 77)
274 383 421 423 quotidie
436 384 478 420 71Β)
496 389 588 414 stare
606 383 649 414 ad
669 381 784 422 altare,
813 390 846 415 et
870 383 955 415 alios
975 385 1018 416 ad
1042 395 1096 417 co-

115 425 303 456 munionem
315 427 358 462 79)
381 435 568 464 accersere,
579 427 626 464 ²³⁰)
648 424 732 457 alios
745 436 873 458 arcere.
917 427 959 458 Et
981 438 1022 459 ex
1035 427 1097 459 Ca·
1120 437 1123 442 ·

116 468 261 499 nonibus
284 467 453 500 veteribus
476 475 613 510 apparet
631 479 731 500 vnum
747 468 891 511 aliquem
904 470 1096 503 celebrasse

115 508 267 548 Missam,
288 521 309 542 a
332 521 398 553 quo
421 509 538 553 reliqui
560 512 749 554 presbyteri
769 514 814 551 S¹)
838 520 869 544 et
889 513 1031 545 Diaconi
1050 514 1096 551 152)

647 555 655 561 “
746 555 802 586 Sic
818 556 904 587 enim
916 563 1038 588 sonant
1050 558 1096 595 8⁴)

115 597 221 628 verba
243 595 392 628 Canonis
405 597 534 636 Niceni,
557 597 733 639 Accipiam
745 597 889 630 Diaconi
913 600 1095 631 secundum

116 639 265 670 ordinem
288 646 366 679 post
388 640 617 682 presbyteroS‚
641 641 682 672 ab
706 640 875 682 Episcopo
899 641 952 673 vel
982 653 1002 674 a
1023 652 1096 684 pre-

114 682 253 723 sbytero
266 683 312 719 ⁸⁵)
337 693 468 715 sacram
492 685 733 715 comunionem.
768 684 809 715 Et
834 683 957 716 Paulus
976 686 1018 717 de
1042 696 1095 716 co-

114 726 271 756 munione
293 725 395 764 iubet‚
417 731 452 756 vt
474 725 530 768 alij
550 724 636 757 alios
649 732 835 768 expectent,
859 734 893 759 vt
916 728 973 759 fiat
986 738 1096 760 comu-

117 297 316 335 mentionem
340 297 491 338 priuatae
501 296 637 328 Missae.

115 339 232 370 timum
253 338 444 381 loquuntur.
491 338 517 371 C

116 559 329 594 sumpserunt
342 555 388 592 3³)
412 564 533 596 corpus
557 553 700 586 Domini.

114 767 168 798 nis
190 768 408 809 participatio.

205 810 385 852 Postquam
427 811 527 853 igitur
563 811 668 843 Missa
702 813 789 854 apud
825 823 888 844 nos
922 813 1021 845 habet
1043 815 1095 851 εὐ)

117 852 302 894 exemplum
331 852 523 893 Ecclesiae,
552 865 591 886 ex
615 855 780 896 scriptura
797 857 843 891 8⁷)
875 863 906 887 et
934 857 1095 898 patribus,

115 895 313 927 confidimus
341 897 521 938 improbari
552 907 623 929 earu
650 908 718 929 non
747 908 861 940 posse,
881 900 928 937 ⁸⁸)
956 901 1096 931 maxime

116 948 190 970 cum
213 937 367 979 publicae
391 941 615 978 ceremoniae,
646 951 766 982 magna
789 951 830 973 ex
853 947 947 983 parte
969 940 1094 973 similes

114 982 246 1013 vsitatis
275 988 469 1018 seruentur,
499 989 624 1014 tantum
655 994 812 1015 numerus
842 984 1020 1016 Missarum
1045 992 1096 1016 est

115 1023 303 1061 dissimilis,
339 1035 434 1067 quem
463 1032 600 1066 propter
635 1029 795 1058 maximos
833 1033 865 1058 et
898 1026 1094 1059 manifestos

895 1070 979 1101 Nam
1017 1069 1095 1101 olim
1120 1066 1122 1099 ἱ
1143 1076 1174 1100 et
1204 1069 1346 1110 accipiat
1368 1071 1398 1103 ⁵)
1427 1071 1656 1101 remissionem
1686 1078 1909 1111 peccatorum.
1932 1075 1963 1111 6)
2013 1074 2124 1105 Antea

115 1068 240 1098 abusus
259 1070 310 1100 ⁵⁹>
339 1075 428 1099 certe
457 1069 619 1100 moderari
647 1070 836 1110 prodesset.

779 161 819 193 B.
863 160 1111 194 CONFESSIO
1134 160 1411 198 AUGUASTANA
1433 161 1545 194 IPSA.

2060 165 2126 198 302

1144 254 1200 288 lib.
1223 257 1261 288 ix.
1280 255 1358 297 Cap.
1377 256 1501 297 xxxviij
1518 259 1571 294 ⁹⁵²)
1595 255 1725 288 Rursus
1744 264 1852 289 autem
1875 258 1907 288 in
1921 257 2125 290 Alexandria

1145 305 1262 340 quarta
1285 304 1317 330 et
1340 305 1437 330 sexta
1468 298 1551 330 seria
1581 300 1765 340 scripturae
1792 300 1968 341 leguntur,
2001 311 2125 343 easque

1145 343 1301 373 doctores
1324 342 1599 383 interpretantur,
1623 349 1655 373 et
1678 343 1786 374 omnia
1817 344 1895 374 fiunt
1918 350 2050 386 praeter
2072 355 2125 375 so-

1143 383 1275 416 lennem
1300 383 1477 416 oblationis
1501 395 1635 416 morem.
1652 388 1705 423 ⁹⁴)

1426 486 1489 518 DE
1520 485 1842 520 CONFESSIONE.

1231 554 1409 588 Confessio
1437 557 1470 588 in
1498 555 1663 598 Ecclesijs
1686 557 1773 598 apud
1796 566 1858 588 nos
1882 567 1949 588 non
1973 564 2023 589 est
2048 559 2125 590 abo-

1143 598 1290 637 lita‚⁹⁵)
1319 599 1394 630 Non
1424 599 1511 630 enim
1538 598 1626 631 solet
1660 600 1786 641 porrigi
1821 610 1944 641 corpus
1979 600 2125 640 Domini,

1144 642 1207 673 nisi
1232 649 1329 673 antea
1353 640 1534 682 exploratis
1558 648 1597 674 et
1612 641 1788 674 absolutis.
1839 642 1880 674 Et
1904 643 2043 675 docetur
2065 654 2124 686 po-

1144 683 1242 726 pulus
1266 683 1518 727 diligentissime
1533 687 1586 722 ⁹⁶)
1607 685 1648 716 de
1670 685 1736 717 fide
1747 684 1980 724 absolutionis,
2004 687 2045 718 de
2059 697 2124 728 qua

1144 733 1221 758 ante
1243 727 1327 759 baec
1349 733 1500 769 tempora
1521 738 1677 770 magnum
1701 734 1771 760 erat
1784 727 1956 760 silentium.
1991 728 2125 761 Docen·

1145 776 1198 801 tur
1226 769 1377 802 homines
1406 777 1441 802 vt
1470 769 1711 803 absolutionem
1749 770 1879 812 plurimi
1901 774 1954 811 ⁹⁷)
1989 771 2125 811 faciant,

1144 813 1220 854 quia
1247 815 1290 844 sit
1318 823 1386 845 vox
1414 813 1546 849 Dei93)
1578 819 1610 845 et
1639 815 1794 846 mandato
1824 813 1888 846 Dei
1926 816 2124 857 pronuncie-

1144 861 1207 887 tur.
1224 858 1277 890 99)
1323 855 1468 888 Ornatur
1485 857 1557 894 ¹⁰⁰)
1579 863 1728 898 potestas
1752 856 1893 889 clauium
1917 864 1950 890 et
1962 868 2125 890 comemo-

1144 905 1236 930 ratur
1258 905 1414 940 quantam
1437 899 1697 931 consolationem
1728 900 1843 932 afferat
1861 903 1889 939 ¹)
1923 900 2124 943 perterrefa-

1145 943 1207 972 ctis
1229 942 1462 983 conscientijS,
1491 949 1522 973 et
1551 943 1640 984 quod
1663 944 1808 985 requirat
1832 942 1926 975 Deus
1951 944 2066 980 fidem,
2089 950 2125 976 vt

1144 983 1191 1015 illi
1213 983 1415 1016 absolutioni
1446 991 1602 1027 tanquam
1633 987 1706 1017 voci
1725 989 1754 1024 ²)
1790 987 1830 1017 de
1863 986 1958 1018 c'oelo
1991 987 2123 1019 sonanti

1144 1027 1330 1064 credamus,
1347 1030 1377 1065 ³)
1401 1033 1432 1058 et
1455 1029 1544 1069 quod
1567 1027 1623 1059 illa
1637 1029 1720 1060 fides
1737 1031 1767 1065 ⁴)
1792 1039 1870 1061 vere
1885 1036 2124 1072 consequatur,

116 1111 214 1141 etiam
237 1110 269 1140 in
292 1110 458 1153 Ecclesijs
481 1110 755 1152 frequentissimis
771 1114 823 1149 ο11)
846 1122 913 1143 non
925 1113 1025 1144 tiebat
1041 1115 1094 1150 ⁹¹)
1119 1101 1122 1141 Ι
1142 1111 1315 1143 immodice
1349 1111 1591 1144 extollebantur
1629 1112 1896 1152 satisfactiones,
1931 1117 2007 1147 fidei
2027 1118 2056 1156 7)
2091 1122 2124 1148 et

114 1153 261 1194 quotidie
287 1152 411 1190 Missa,
443 1159 479 1184 vt
506 1159 650 1185 testatur
684 1154 822 1186 historia
847 1153 1093 1196 Tripartitaw)

109 1315 155 1348 76)
175 1313 386 1349 chrysostomus]
405 1315 460 1340 Ed.
479 1319 542 1340 ant.
560 1315 634 1340 male:
653 1316 847 1340 Chrisostomus

111 1358 159 1391 77)
177 1357 357 1392 Sacerdotem]
376 1358 509 1388 Dresd.,
527 1358 630 1383 Wim.:
645 1360 793 1384 sacerdotes

108 1401 156 1433 ⁷8)
175 1400 344 1426 Sacerdotem
363 1401 488 1434 quotidie]
509 1400 595 1432 Ram,
615 1402 725 1427 wirc.:
745 1403 861 1434 quotidie
879 1403 1042 1428 sacerdotem

109 1443 156 1476 79)
173 1445 208 1468 ad
226 1443 416 1478 comunionem]
435 1443 553 1469 Onold.
573 1445 671 1470 omittit.

107 1495 154 1528 80)
173 1496 207 1520 ad
226 1497 405 1521 comunionem
425 1495 569 1529 accersere]
583 1495 667 1527 Rat.,
687 1496 799 1522 Wirc.:
819 1505 952 1522 accersere
971 1497 1004 1522 ad
1021 1506 1088 1522 com-

174 1537 322 1555 munionem

106 1573 153 1604 81)
172 1572 326 1607 presbyteri]
343 1573 399 1598 Ed.
419 1578 480 1598 ant.
500 1574 575 1599 male:
594 1574 748 1606 praesbiteri
763 1575 880 1599 sicetimn
891 1574 1086 1607 insequentibus.

107 1615 154 1647 82)
173 1616 315 1647 presbyteri
334 1620 360 1640 et
377 1615 503 1650 Diaconi]
522 1616 658 1642 Onold.:
678 1618 783 1642 diaconi
803 1622 827 1642 et
844 1618 992 1649 Presbyteri

105 1657 153 1689 83)
171 1657 346 1692 sumpserunt]
365 1658 453 1684 Onol
465 1660 503 1684 d.:
523 1661 678 1692 sumpserint

104 1700 151 1733 84)
170 1698 274 1734 sonant]
294 1701 364 1726 Rat-
375 1703 460 1734 salso:
480 1704 582 1727 sociant

102 1743 150 1776 85)
169 1751 184 1768 a
202 1745 363 1777 presbytero]
381 1744 466 1775 Bac„
485 1745 598 1771 WVirca
623 1746 655 1771 ab
681 1747 845 1779 presbyt-ero,
870 1746 1002 1772 Onold.:
1027 1755 1086 1779 pre-

173 1778 277 1809 sbytero
296 1780 407 1810 (emisam
427 1781 452 1809 a)

101 1819 150 1853 86)
168 1822 237 1853 apud
255 1829 302 1846 nos
321 1822 408 1854 habet]
427 1821 533 1847 Fabr.:
553 1823 631 1848 habet
649 1825 718 1856 apud
737 1832 784 1848 nos

100 1863 148 1895 87)
167 1871 201 1888 ex
219 1865 359 1897 scriptura]
379 1865 514 1890 Onold.:
535 1873 567 1890 ex
585 1867 718 1899 scripturis

101 1907 149 1939 88)
168 1908 311 1939 improbari
340 1915 397 1933 eam
425 1915 478 1932 nou
510 1910 597 1941 posse]
630 1910 733 1934 Fabr.:

165 1949 243 1974 posse

102 1984 150 2017 89)
169 1985 275 2016 abusus]
295 1985 413 2010 Onold.
433 1985 507 2011 male:
527 1986 641 2017 abusque
661 1988 708 2017 (cic
726 1987 906 2020 apoyraphum)

101 2027 150 2060 90)
168 2028 194 2052 in
223 2028 346 2061 Ecclesijs
374 2029 600 2061 frequentissimis]
625 2029 711 2054 Rat.:
738 2032 765 2055 in
792 2031 1006 2062 frequentissimis
1035 2031 1084 2056 Ec-

171 2063 255 2086 clesiis

101 2104 149 2135 91)
166 2105 246 2164 {tigni
263 2119 297 2123 —
314 2113 368 2131 non
387 2105 476 2140 fiebat]
501 2106 586 2138 Rau,
611 2108 724 2132 Wirc.:
751 2116 784 2133 ne
814 2109 918 2141 quidem
938 2123 970 2127 —
988 2110 1083 2142 ubique

185 2147 198 2163 e
217 2143 245 2164 at
711 2148 716 2155 ·

100 2194 148 2228 92)
166 2195 276 2254 lstistoria
302 2194 454 2236 Tripartita]
481 2196 622 2237 &agnus
648 2199 812 2239 Aurelius
840 2199 1081 2240 Cassiodorius

167 2231 632 2295 sim§23:3533'50553
650 2241 680 2292 {ff
692 2233 783 2292 {22⁰3
792 2235 1081 2302 αῗῖέῗέῗὲῖῗέῗῗί

166 2306 182 2330 p
188 2299 206 2322 h
213 2300 320 2324 auium
338 2299 527 2324 Scholasticum
546 2301 621 2326 latine
637 2304 715 2327 ver-sis
733 2303 866 2327 historiam
877 2305 1079 2329 ecclesiasticam

165 2334 193 2357 in
211 2341 258 2357 uno
277 2341 290 2358 c
367 2342 380 2359 a
400 2333 528 2359 duodecim
551 2334 622 2360 libr-'s
645 2337 743 2369 collegit
750 2356 757 2368 ‚
782 2345 844 2370 quae
867 2337 924 2363 ideo
951 2339 1079 2371 tripartita

769 1918 825 1935 eam
857 1911 997 1943 improbari
1032 1918 1084 1935 non

166 2367 236 2392 dida
253 2373 305 2398 ene,
323 2368 390 2400 quod
406 2376 436 2393 ez
454 2369 505 2393 illis
522 2369 602 2395 tribus
625 2371 769 2396 auctoribus
793 2377 909 2405 excerpta
933 2377 977 2398 ent.
1016 2373 1079 2399 Con·
1121 2369 1124 2371 ¹

165 2402 226 2427 tina
243 2411 284 2428 ree
300 2406 385 2434 φαῖσι
402 2412 420 2427 α
439 2402 597 2428 Constantino
615 2413 689 2438 utque
711 2406 747 2431 ud
769 2405 925 2432 Theodosium
949 2408 1076 2433 iuniorem.

165 2435 268 2461 Prodi-'e
286 2445 339 2461 cum
358 2437 416 2462 aliie
433 2437 576 2463 auctor-‘bus
599 2438 717 2466 histor-iae
739 2442 823 2466 eccles.
848 2443 991 2471 coniuncta,
1016 2450 1078 2466 cura

164 2469 241 2496 Beati
268 2471 390 2496 Rhenani
418 2472 493 2497 152³.
534 2472 652 2499 Bas-ieme
674 2484 716 2508 ap.
735 2474 840 2501 Froben.
877 2475 931 2501 Pol.
951 2480 973 2501 e!
1002 2477 1076 2501 153⁵.

166 2504 228 2530 ibid.
248 2505 301 2531 Pol.
321 2505 388 2535 (vide
410 2506 524 2531 Eirschii
547 2507 648 2533 umen.
673 2509 719 2535 IV.
747 2518 786 2536 nr.
811 2511 870 2535 331.
896 2511 917 2535 1.
941 2519 980 2534 nr.
1005 2510 1077 2541 660.)

166 2543 239 2579 atque
265 2541 292 2564 n'n
319 2540 531 2566 Cassiodorii
559 2542 696 2574 Operibus,
720 2552 782 2577 quae
808 2553 833 2569 a.
857 2545 933 2570 1491.
960 2549 981 2570 et
1002 2546 1078 2572 1588.

161 2573 663 2668 Ξὲἕᾜξοῗῳῆιῗῖωέωαωῐ·
643 2576 847 2639 ⁶⁸¹2?sz
866 2580 1076 2640 '5233‘3'3331

221 2651 268 2667 ons
310 2651 323 2667 ο

1142 1155 1246 1186 meriti
1262 1156 1294 1189 S)
1318 1153 1453 1193 Christi,
1476 1166 1516 1187 ac
1535 1156 1685 1188 iusticiae
1709 1157 1784 1188 fidei
1807 1156 1898 1190 nulla
1918 1159 2018 1190 fiebat
2032 1169 2123 1191 men-

1142 1198 1204 1235 tio,
1228 1208 1331 1239 quare
1353 1199 1386 1228 in
1401 1199 1431 1236 ⁹)
1462 1199 1525 1230 hac
1548 1204 1641 1239 parte
1669 1200 1799 1231 minime
1828 1207 1905 1232 sunt
1933 1201 2123 1242 culpandae

1142 1239 1317 1271 Ecclesiae
1329 1247 1472 1272 nostrae.
1492 1244 1542 1277 10)
1573 1241 1658 1273 Nam
1672 1242 1738 1275 hoc
1755 1244 1851 1275 etiam
1868 1245 2051 1286 aduersarij
2072 1247 2122 1283 ¹¹)

1141 1283 1286 1314 tribuere
1306 1285 1355 1321 ¹²)
1378 1285 1476 1316 nobis
1501 1287 1550 1323 ¹3)
1583 1291 1764 1327 coguntur,
1782 1288 1834 1325 ¹⁴)
1857 1288 1946 1329 quod
1970 1288 2121 1319 doctrina

1139 1447 1186 1478 93)
1207 1447 1269 1478 Cap.
1287 1447 1411 1479 xxxviij]
1429 1446 1514 1477 Ram,
1530 1448 1628 1473 Wirc.
1649 1450 1769 1474 omittunt.

1139 1490 1185 1521 94)
1203 1490 1270 1514 Nam
1289 1490 1350 1514 olim
1368 1503 1402 1507 —
1427 1491 1565 1515 oblationis
1589 1492 1706 1525 morem]
1731 1492 1771 1516 liic
1797 1494 1863 1517 locus
1888 1494 1915 1517 in
1938 1493 2010 1519 Rat.
2037 1493 2068 1518 ab
2093 1503 2122 1520 ea

1206 1532 1278 1548 manu
1296 1525 1403 1557 scriptus
1421 1528 1468 1555 est,
1487 1533 1549 1558 quae
1562 1527 1713 1559 principium
1733 1526 1804 1552 huius
1824 1526 1923 1552 Codicis
1941 1529 2064 1553 exaravit.

1138 1567 1184 1599 95)
1203 1568 1310 1599 abolita]
1329 1567 1395 1592 Rat.
1416 1568 1490 1593 male:
1509 1569 1540 1592 ab
1560 1569 1640 1593 oblita

1136 1610 1183 1642 96)
1203 1609 1410 1644 diligentissime]
1429 1610 1539 1636 Fabi-‚³
1559 1612 1708 1637 fidelissime

1136 1653 1182 1685 97)
1201 1652 1316 1686 plurimi]
1333 1653 1440 1678 Dess.:
1459 1655 1546 1685 magui

1135 1696 1182 1727 98)
1201 1694 1262 1729 Dei]
1282 1696 1413 1720 Onold.:
1434 1697 1533 1721 domini

1135 1738 1181 1770 99)
1201 1740 1396 1771 pronunciemr]
1414 1739 1486 1764 Rat.
1505 1741 1580 1765 male:
1600 1742 1791 1772 pernuuctietur

1136 1782 1197 1813 100)
1218 1783 1412 1813 pronunciemr.
1457 1783 1582 1815 Ornatur]
1618 1783 1750 1809 Onold.:
1789 1785 1972 1816 pronuntietur
2008 1791 2115 1810 ornatur

1203 1817 1256 1840 Ed.
1276 1820 1356 1841 ant.:
1376 1819 1576 1849 pronunciatur,
1595 1824 1703 1843 ornatur

1152 1859 1181 1891 1)
1199 1858 1303 1891 afferat]
1320 1859 1376 1884 Ed.
1395 1864 1474 1885 ant:
1492 1860 1585 1886 offerat

1151 1902 1180 1933 2)
1201 1903 1272 1934 voci]
1291 1902 1426 1928 Onold.:
1445 1905 1505 1928 voci
1524 1904 1566 1929 dei

1150 1944 1180 1977 3)
1200 1945 1346 1978 credamus]
1364 1945 1497 1971 Onold.:
1517 1947 1678 1972 confidamus

1150 1988 1180 2020 4)
1198 1987 1274 2021 fides]
1291 1989 1398 2014 Dess.:
1417 1989 1470 2013 fide

1149 2031 1178 2063 5)
1199 2036 1384 2063 consequatur,
1403 2036 1429 2056 et
1446 2033 1568 2065 accipiat]
1587 2032 1718 2058 Onold.:
1739 2034 1850 2066 accipiat
1867 2038 1893 2058 et
1911 2039 2082 2067 consequatur

1148 2086 1178 2119 6)
1196 2087 1380 2120 peccatorum]
1402 2087 1465 2112 lianc
1481 2096 1562 2113 vocem
1570 2090 1597 2112 in
1614 2088 1683 2113 Rat.
1698 2089 1815 2122 proxime
1831 2091 1942 2122 sequitur
1954 2091 2113 2121 muntiaeum,

1199 2121 1266 2153 quod
1281 2122 1306 2146 in
1324 2124 1412 2147 ceteris
1431 2121 1506 2148 Codd.
1525 2127 1548 2148 et
1566 2124 1591 2147 in
1614 2122 1696 2148 Editt.
1711 2124 1789 2156 paulo
1807 2123 1914 2156 ὑμῖν-(ιω
1931 2125 2036 2157 leqitur:
2059 2124 2114 2150 Sed

1200 2156 1233 2180 de
1252 2157 1414 2181 consessione
1433 2157 1542 2188 docent,
1561 2158 1631 2189 quod
1650 2159 1811 2183 enumeratio
1831 2159 1984 2184 delictorum
2007 2167 2062 2184 non
2080 2161 2114 2185 sit

1198 2192 1357 2220 necessaria,
1389 2199 1436 2216 nec
1464 2193 1516 2216 sint
1546 2193 1704 2217 onerandae.
1740 2192 1811 2218 Haec
1836 2197 1917 2219 autem
1939 2193 2030 2224 verba,
2058 2197 2113 2219 tan·

1197 2232 1267 2257 quam
1287 2224 1326 2250 hic
1343 2225 1461 2256 de!enda‚
1480 2227 1545 2251 linea
1565 2226 1695 2252 subnotata
1713 2231 1776 2251 sunt.

1146 2279 1175 2311 7)
1193 2279 1266 2312 fidei]
1286 2280 1391 2306 Fabia:
1410 2281 1471 2307 fidei
1492 2290 1553 2307 vero

1144 2322 1174 2354 8)
1191 2323 1288 2362 meriti]
1306 2324 1344 2348 sic
1360 2325 1435 2349 ctiam
1452 2326 1478 2349 in
1501 2325 1571 2351 Rat.
1593 2326 1700 2359 primum
1723 2330 1777 2351 era!
1802 2327 1934 2359 ser-iprum,
1959 2326 2004 2352 sed
2024 2326 2112 2352 deinde

1194 2365 1221 2381 m
1238 2359 1331 2383 merita
1349 2363 1484 2384 correctum
1502 2364 1546 2385 est.

1143 2399 1174 2432 9)
1193 2400 1231 2433 in]
1253 2400 1369 2426 Onold.
1391 2403 1488 2426 omittit.

1128 2443 1172 2475 10)
1191 2444 1314 2477 nostrae]
1334 2446 1361 2469 in
1379 2445 1510 2476 Onold.,
1528 2445 1584 2469 Ed.
1603 2450 1665 2470 aut.
1685 2445 1766 2474 decu,
1784 2446 1809 2469 o’n
1835 2446 1924 2471 Cass.
1943 2447 1967 2471 2.
1991 2448 2017 2471 in
2041 2450 2111 2472 tatu

1194 2478 1290 2510 quidem
1308 2481 1434 2510 omissum,
1453 2484 1480 2504 ατ
1497 2481 1524 2504 dn
1541 2481 1653 2512 marqu'ne
1670 2480 1821 2513 adcor-ptum
1840 2484 1885 2506 αἱ.

1126 2520 1171 2552 11)
1190 2521 1344 2555 aduersarij]
1362 2522 1493 2548 Onold.:
1513 2523 1657 2548 aduersarii
1675 2525 1758 2548 nostri

1126 2564 1172 2596 12)
1191 2565 1332 2599 aduersarij
1353 2566 1478 2598 tribuere]
1499 2567 1616 2591 Wirc.:
1637 2566 1749 2591 tribuere
1767 2567 1912 2592 adunet-arii

1125 2607 1172 2639 1³)
1189 2608 1303 2633 tribuere
1321 2609 1410 2640 uobis]
1428 2607 1564 2639 Onold.,
1582 2608 1692 2634 Fabi-,t
1711 2609 1787 2634 nobis
1806 2609 1919 2635 tribuere

1125 2650 1172 2683 14)
1191 2653 1332 2685 coguntur]
1349 2653 1375 2676 in
1393 2652 1479 2683 Ram,
1497 2652 1597 2678 wire.
1617 2651 1692 2678 deest.
