2324 2944
57 133 122 164 409
396 161 399 164 ,
637 131 674 164 ΙΙ.
720 131 760 164 Β.
806 132 1051 165 CONFESSIO
1075 131 1351 164 AUGUSTANA
1371 132 1484 166 lt’sA.
1999 135 2063 167 410

144 225 180 258 St
203 225 254 257 ius
277 225 399 257 habent
423 225 580 266 Episcopi
605 227 763 257 onerandi
792 225 964 257 Ecclesias
988 226 1029 257 in·
1054 226 1059 259 i
1083 231 1153 257 erat
1187 226 1392 257 constituere
1425 234 1551 258 certum
1582 228 1685 265 diem,
1720 235 1752 259 vt
1789 231 1889 260 sciret
1919 229 2061 271 populus

55 267 156 300 finitis
179 268 421 307 traditionibus,
447 274 478 299 et
501 267 701 310 illaqueandi
715 269 950 307 conscientias,
975 279 1035 300 cur
1083 269 1216 310 quando
1251 269 1431 300 conuenire
1461 270 1615 308 deberet,
1650 278 1786 312 apparet
1816 271 2003 303 Ecclesiam
2032 275 2062 305 ei

54 311 155 344 toties
178 306 329 352 prohibet
354 312 517 353 scriptura
542 311 687 342 condere.
711 318 742 342 et
765 312 1033 343 audiretraditio-
1082 311 1129 342 rei
1154 311 1341 343 destinasse
1366 313 1449 342 diem
1473 312 1694 349 Dominicurn.
1718 315 1771 355 qui
1797 315 1839 345 ob
1871 315 1956 346 hanc
1980 326 2060 357 quo-

53 353 137 386 nes?
159 363 220 385 cur
243 360 337 385 vocat
363 364 420 385 eas
445 354 637 385 traditiones
661 354 925 393 daemoniorum,
950 355 1033 386 Num
1083 364 1148 395 que
1172 363 1305 386 causam
1331 355 1459 385 videtur
1487 357 1594 397 magis
1627 355 1811 397 placuisse,
1838 364 1872 388 vt
1900 358 2060 389 haberent

53 395 179 428 frustra
202 396 286 428 haec
312 398 520 438 praemonuit
548 397 683 438 spiritus
715 398 878 428 sanctus?
923 396 1032 430 Relin-
1082 396 1232 428 homines
1255 396 1438 438 exemplum
1453 397 1661 429 Christianae
1686 398 1858 437 libertatis,
1881 408 1912 431 et
1936 401 2060 432 scirent

53 440 165 482 quitur
187 439 304 482 igitur,
328 450 401 470 cum
426 440 652 470 ordinationes
680 441 848 471 institutae
877 448 1032 483 tanquam
1082 449 1146 470 nec
1179 441 1308 471 sabbati
1343 451 1406 472 nec
1433 440 1571 472 alterius
1603 442 1665 472 diei
1701 443 1967 474 obseruationem
2002 455 2056 475 ne-

52 483 279 519 necessariae,
303 489 357 513 aut
384 493 457 513 cum
481 483 637 524 opinione
655 483 894 524 promerendae
919 485 1032 515 remis-
1083 483 1263 514 cessariam
1287 493 1374 514 esse.

53 525 157 557 sionis
202 527 489 566 peccatorum,⁹¹)
528 532 674 566 pugnent
722 536 794 556 cum
836 525 1033 568 Euangelio,
1168 524 1290 556 Extant
1318 527 1531 567 prodigiosae
1546 529 1590 564 ³¹⁵)
1620 528 1860 568 disputationes
1891 530 1931 559 de
1960 536 2062 560 muta·

53 568 142 610 quod
165 577 232 599 nou
255 566 352 599 liceat
375 567 452 599 vltis
482 567 658 610 Epist-opis
687 567 771 599 tales
803 568 913 600 cultus
945 570 1033 601 insti-
1082 569 1171 599 tione
1194 566 1291 609 iegis,
1315 570 1357 599 de
1380 570 1578 611 ceremonijs
1609 581 1717 601 nonae
1748 569 1854 612 legis,
1885 572 1927 601 dc
1958 579 2060 603 muta-

51 617 146 643 tuere
167 615 225 642 aut
247 611 391 653 exigere.
435 611 586 642 Necesse
609 617 661 643 est
691 612 775 642 enim
805 611 837 643 in
866 611 1031 654 Ecclesijs
1082 611 1170 642 tione
1193 612 1335 649 sabbati.
1359 622 1446 653 quae
1470 622 1586 643 omnes
1605 619 1699 644 ortae
1723 620 1798 644 sunt
1823 624 1862 644 ex
1883 613 1967 646 faba
1991 625 2061 655 per·

51 653 185 686 retineri
219 654 417 691 doctrinam,
448 654 488 686 de
522 653 672 685 libertate
700 654 909 694 Christiana,
942 656 1031 697 quod
1081 653 1257 692 suasione,
1286 655 1375 696 quod
1400 661 1551 696 oporteat
1585 656 1617 686 in
1640 654 1807 694 Ecclesia,
1830 656 1951 688 cultum
1986 668 2062 689 esse

50 706 118 729 non
140 696 184 728 sit
201 697 394 728 necessaria
423 698 568 729 seruitus
585 695 672 738 legis
696 698 737 728 ad
756 698 1031 737 iustiticationem,
1081 695 1218 730 similem
1251 696 1412 729 Leuitico.
1469 698 1510 729 Et
1544 699 1633 738 cuod
1668 698 1822 730 Christus
1863 701 2061 731 cmmniserit

51 740 138 772 sicut
167 739 201 770 in
229 738 358 770 Galatis
383 740 543 781 scriptum
572 746 642 778 est,
672 739 781 771 Nolite
809 742 924 772 iterum
953 742 1031 784 iugo
1080 738 1254 781 Apostolis
1278 747 1310 771 et
1332 740 1529 782 Episcopis,
1559 743 1752 784 excogitare
1780 753 1885 774 nouas
1916 753 2062 774 ceremo-

50 782 221 814 seruitutis
243 783 373 825 subiJci.
419 782 567 814 Necesse.
591 789 642 814 est
664 785 796 815 retineri
819 785 1031 826 praecipuum
1080 783 1165 821 nias,
1187 793 1274 824 quac
1296 784 1362 815 sint
1392 784 1432 815 ad
1462 784 1603 815 salutem
1632 786 1853 816 necessariae.
1900 785 1940 816 Hi
1971 797 2060 817 erro-

47 824 224 868 Euangelij
247 824 368 863 lecum,
389 827 477 867 quod
502 826 729 857 remissionem
752 833 967 868 peccatorum
998 835 1029 859 et
1080 835 1136 857 res
1161 832 1355 867 serpserunt
1378 827 1410 858 in
1433 826 1630 867 Ecclesium,
1654 839 1729 860 cum
1746 829 1874 860 iusticia
1896 828 1972 860 fidei
1996 840 2061 860 non

48 868 312 900 iustificationem
326 870 370 905 ⁹²)
395 879 455 910 per
474 869 570 901 fidem
594 870 624 901 in
645 869 810 901 Christum
834 872 938 912 gratis
953 881 1030 902 con·
1050 865 1057 924 1
1082 869 1163 899 satis
1187 868 1278 900 clare
1301 870 1487 902 doceretur.
1533 870 1643 912 Aliqui
1667 871 1836 912 disputant
1864 872 1926 903 diei
1950 872 2060 904 Domi-

48 920 244 953 sequamur,
274 922 341 943 non
370 919 507 953 propter
535 919 644 944 certas
675 914 948 952 obseruationes,
976 920 1031 946 aut
1080 912 1146 942 niei
1181 913 1450 944 obseruationem
1480 924 1545 944 non
1576 915 1706 955 quidem
1734 915 1813 945 iuris
1842 915 1940 946 diuini
1971 926 2060 952 esse,

48 960 187 997 propter
210 953 319 986 cultus
343 955 385 985 ab
409 954 598 987 hominibus
622 956 802 988 institutos.
1080 955 1141 984 sed
1164 955 1259 996 quasi
1282 956 1362 986 iuris
1386 956 1496 995 diuini,
1519 957 1750 997 praescribunt
1776 958 1817 987 de
1839 956 1951 999 fei-ijs,
1981 969 2060 1000 qua-

137 996 224 1033 Quid
246 997 346 1040 igitur
374 999 581 1029 sentiendum
611 1004 660 1030 cst
690 999 730 1030 de
761 999 813 1030 die
841 998 1029 1037 Dominico,
1080 1002 1177 1028 tenus
1200 996 1297 1028 liceat
1321 999 1464 1038 operari.
1500 999 1694 1031 Huiusmodi
1719 1000 1957 1041 disputationes
1983 1002 2061 1043 quid

49 1046 83 1072 et
105 1039 266 1072 similibus
296 1041 414 1072 ritibus
439 1039 655 1082 templorum?
690 1042 752 1072 ·Ad
781 1042 865 1073 haec
893 1023 1054 1230 ηψπ-ἒ
1080 1045 1157 1070 sunt
1181 1039 1271 1071 aliud
1294 1041 1357 1071 nisi
1385 1040 1495 1082 laquei
1527 1043 1828 1076 conscientiarum?
1864 1044 2060 1086 Quanquam

49 1083 139 1122 dent,
162 1083 251 1124 quod
274 1082 371 1114 liceat
397 1083 573 1125 Episcopis
602 1094 663 1115 seu
694 1085 886 1124 pastoribus
916 1084 1029 1116 facere
1079 1082 1164 1113 enim
1189 1090 1352 1114 conentur
1382 1084 1570 1124 epikeizare
1600 1086 1810 1124 traditiones,
1839 1094 1947 1118 tamen
1978 1098 2060 1118 nun·

49 1126 294 1165 ordinationes,
316 1132 351 1156 vt
381 1136 437 1157 res
462 1128 577 1157 ordine
605 1133 763 1168 gerantur
796 1128 830 1157 in
864 1126 1029 1166 Ecclesia,
1078 1135 1176 1165 quam
1211 1131 1325 1165 potest
1362 1127 1511 1168 aequitas
1549 1128 1768 1168 deprehendi,
1810 1130 1917 1160 donec
1952 1137 2060 1161 manet

46 1179 115 1201 non
143 1174 178 1200 vt
207 1178 266 1210 per
298 1167 374 1200 illas
407 1179 591 1201 mereamur
621 1170 848 1201 remissionem
875 1176 1030 1211 peccato·
1078 1167 1188 1208 opinio
1208 1169 1430 1208 necessitatis,
1456 1180 1553 1211 quam
1578 1181 1711 1202 manere
1744 1182 1883 1204 necesse
1909 1179 1974 1211 est,
2005 1173 2060 1204 vbi

45 1222 129 1250 rum,
142 1213 187 1249 ⁹3)
214 1217 271 1243 aut
297 1211 543 1243 satisfaciamus
577 1223 637 1253 pro
667 1214 834 1253 peccatis,
861 1219 919 1245 aut
949 1212 1029 1245 obli·
1078 1210 1271 1251 ignorantur
1294 1212 1425 1243 iusticia
1448 1212 1535 1251 fidei,
1560 1220 1592 1244 et
1614 1213 1752 1245 libertas
1775 1214 1972 1247 Christiana.

46 1259 168 1298 gentur
190 1255 427 1293 conscientiae,
461 1261 497 1286 vt
520 1256 665 1287 iudicent
702 1266 779 1287 esse
812 1257 1027 1288 necessarios
1163 1252 1316 1295 Apostoli
1342 1256 1509 1287 iusserunt
1534 1257 1701 1288 abstinere
1724 1268 1743 1287 a
1772 1259 1952 1299 sanguine,
1983 1260 2057 1300 quis

46 1295 177 1336 cultus,
208 1307 249 1328 ac
282 1297 428 1329 sentiant
452 1307 489 1329 se
521 1308 682 1340 peccare,
712 1309 786 1330 cum
819 1299 892 1330 sine
926 1299 1028 1331 offen„
1077 1306 1166 1328 nunc
1189 1298 1373 1329 obseruat?
1395 1309 1502 1340 neque
1526 1306 1634 1330 tamen
1655 1307 1798 1341 peccant
1822 1302 1875 1342 qui
1904 1312 1970 1333 non
1998 1303 2056 1333 ob—

45 1340 141 1372 sione
170 1338 309 1372 aliorum
332 1340 470 1372 violant.
516 1342 573 1373 Sic
602 1342 726 1374 Paulus
749 1342 899 1382 ordinat,
929 1349 965 1375 vt
994 1344 1027 1374 in

45 1383 307 1425 congregatione
340 1382 495 1416 mulieres
532 1383 641 1416 velent
675 1386 802 1426 capita,
838 1392 873 1417 vt
911 1386 1027 1418 ordine

43 1426 222 1458 audiantur
243 1426 275 1457 in
300 1426 457 1458 Ecclesia
480 1428 678 1469 interpretes
702 1434 765 1459 etc.

130 1467 231 1500 Tales
255 1470 482 1501 ordinationes
507 1473 663 1502 conuenit
687 1470 861 1503 Ecclesias
885 1478 1026 1513 propter

43 1512 216 1545 caritatem
250 1517 283 1544 et
316 1511 588 1554 tranquillitatem
623 1524 761 1546 seruare
797 1522 955 1553 eatenuS,
983 1525 1025 1546 ne

42 1553 131 1588 alius
164 1553 264 1587 alium
299 1555 464 1594 offendat,
498 1563 533 1587 vt
567 1557 682 1589 ordine
717 1564 749 1589 et
782 1558 855 1588 sine
889 1556 1025 1589 tumultu

43 1598 154 1630 omnia
176 1598 258 1629 fiant
278 1599 313 1629 in
336 1598 510 1640 Ecclesijs.
559 1599 679 1631 Verum
703 1601 764 1638 ita,
788 1610 831 1631 ne
853 1602 1026 1633 conscien-

43 1640 109 1672 tiae
131 1646 322 1679 onerentur,
345 1646 379 1672 vt
403 1642 524 1674 ducant
553 1653 608 1674 res
638 1653 716 1674 esse
742 1645 953 1674 necessarias
984 1644 1025 1675 ad

41 1682 195 1722 salutern,
219 1693 259 1715 ac
281 1684 427 1715 iudicent
450 1694 488 1716 se
514 1695 674 1726 peccare,
705 1698 779 1718 cum
811 1685 937 1718 violant
965 1697 1024 1718 eas

41 1726 116 1758 sine
137 1725 277 1758 aliorum
301 1726 498 1766 offensione,
521 1729 607 1760 sicut
630 1739 725 1761 nemo
748 1730 865 1761 dixerit
884 1740 1025 1770 peccare

42 1767 225 1808 mulierem,
249 1780 335 1812 quae
359 1771 390 1801 in
414 1770 583 1811 publicum
605 1782 672 1803 non
694 1771 804 1804 velato
818 1774 926 1814 capite
948 1784 1024 1815 pro-

43 1813 141 1852 cedit,
164 1813 236 1844 sine
259 1812 443 1844 offensione
466 1813 641 1846 hominum.

1077 1345 1230 1378 seruant,
1266 1341 1343 1382 quia
1370 1351 1412 1372 ne
1442 1342 1504 1383 ipsi
1534 1343 1665 1384 quidem
1694 1343 1850 1384 Apostoli
1881 1343 2059 1376 volucrunt

1077 1392 1218 1414 onerare
1241 1385 1464 1416 conscientias
1487 1384 1545 1417 tali
1568 1386 1745 1424 servitute,
1771 1387 1832 1418 sed
1854 1388 1897 1419 ad
1927 1394 2058 1429 tempus

1077 1425 1315 1465 prohibuerunt
1349 1435 1486 1469 propter
1514 1428 1723 1460 scandalum.
1778 1429 1837 1461 Est
1868 1431 1953 1462 enim
1983 1441 2057 1472 per-

1045 1498 1050 1517 1
1074 1474 1174 1509 petua
1198 1469 1354 1500 voluntas
1380 1470 1551 1513 Euangelij
1577 1473 1820 1504 consideranda
1848 1474 1879 1504 in
1910 1475 2056 1505 decreto.

1076 1511 1141 1542 Vix
1164 1510 1222 1542 vlli
1246 1511 1402 1545 Canones
1427 1521 1602 1545 seruantur
1624 1522 1797 1554 accurate,
1821 1522 1853 1548 et
1876 1515 1966 1548 multi
1979 1527 2059 1558 quo·

1075 1554 1153 1586 tidie
1173 1553 1372 1587 exolescunt
1391 1557 1479 1598 apud
1503 1556 1579 1588 illos
1603 1559 1786 1600 etian1„qui
1806 1558 2058 1602 diligentissime

1076 1595 1257 1629 defendunt
1280 1599 1482 1630 traditiones.
1516 1600 1587 1631 Nec
1609 1608 1721 1641 potest
1743 1603 1959 1645 conscientijs
1979 1613 2057 1634 con-

1074 1639 1150 1678 suli,
1173 1641 1236 1672 nisi
1266 1641 1351 1672 haec
1379 1643 1529 1684 aequitas
1560 1650 1731 1683 seruetur,
1759 1652 1795 1676 vt
1824 1647 1967 1677 sciamus
1996 1656 2056 1677 eos

1074 1683 1147 1714 sine
1170 1685 1324 1725 opinione
1347 1686 1557 1717 necessitatis
1573 1687 1709 1724 seruari,
1727 1697 1790 1720 nec
1802 1686 1867 1720 lcdi
1884 1689 2053 1721 conscien-

1074 1727 1150 1765 tias,
1173 1727 1303 1758 etiamsi
1326 1728 1519 1761 traditiones
1542 1728 1748 1761 exolescant.

1044 1761 1050 1812 Ι
1161 1769 1274 1801 Facile
1296 1777 1406 1802 antem
1430 1779 1571 1812 possent
1594 1772 1754 1814 Episcopi
1777 1773 1954 1816 legitimam
1977 1776 2053 1806 obe-

1075 1813 1228 1844 dientiam
1251 1814 1405 1853 retinere,
1431 1816 1459 1845 si
1482 1825 1548 1846 non
1573 1823 1729 1858 vrgerent
1752 1826 1890 1848 seruare
1912 1819 2057 1850 traditio-

128 1855 220 1888 Talis
243 1861 293 1888 est
315 1857 509 1888 obseruatio
533 1858 597 1889 (liei
624 1857 808 1897 Dominici,
838 1858 1025 1898 paschatis,
1073 1865 1153 1894 nes,
1182 1866 1266 1898 quae
1294 1857 1383 1889 bona
1412 1859 1617 1890 conscientia
1649 1861 1778 1891 seruari
1807 1870 1874 1892 non
1903 1869 2056 1902 possunt.

40 1897 274 1937 pentecostes,
297 1905 329 1930 et
352 1898 506 1932 similium
524 1898 698 1940 seriarum,
721 1909 754 1933 et
777 1903 913 1941 rituum,
940 1903 1024 1934 Nam
1073 1898 1170 1930 Nunc
1200 1899 1365 1941 imperant
1396 1899 1615 1940 coelibatum,
1650 1901 1761 1934 nullos
1796 1904 1958 1945 recipiunt
1992 1905 2056 1936 nisi

41 1941 98 1984 qui
119 1942 264 1974 iudicant
282 1941 458 1974 Ecclesiae
485 1945 679 1982 autoritate,
709 1955 769 1985 pro
799 1945 948 1977 sabbato
977 1956 1050 2530 ιιι
1073 1942 1182 1973 iurent
1203 1952 1240 1974 se
1263 1953 1379 1983 puram
1403 1943 1576 1986 Euangelij
1602 1945 1786 1977 doctrinam
1805 1946 1896 1978 nolle
1919 1948 2054 1979 docere.

41 1985 192 2017 stitutam
225 1995 303 2017 esse
336 1986 399 2017 diei
430 1985 597 2019 Dominici
632 1989 920 2028 obseruationem,
953 1995 1023 2020 tan·
1071 1984 1147 2016 Non
1178 1991 1295 2026 petunt
1330 1986 1504 2018 Ecclesiae
1545 1994 1579 2018 vt
1617 1988 1774 2030 Episcopi
1818 1990 1956 2021 honoris
1997 1992 2048 2022 sni

42 2037 141 2070 quam
163 2029 400 2068 necessariam,
423 2027 525 2072 longe
548 2037 668 2063 errant.
706 2033 750 2070 ⁹⁴)
763 2032 935 2073 Scriptura
949 2042 1024 2064 con.
1072 2028 1200 2059 iactura
1223 2030 1370 2061 sarciant
1393 2031 1623 2070 concordiam,
1649 2033 1737 2073 quod
1767 2039 1877 2065 tamen
1912 2033 2053 2065 decebat

41 2071 141 2109 cedit,
166 2077 201 2103 vt
223 2072 412 2104 obseruatio
436 2074 566 2105 sabbati
589 2085 677 2105 nunc
700 2075 743 2106 sit
761 2073 876 2107 libera.
913 2074 1023 2107 Docet
1072 2071 1180 2102 bonos
1203 2078 1370 2113 pastoreS,
1392 2071 1516 2106 facere.
1562 2074 1705 2107 Tantum
1728 2081 1842 2116 petunt
1872 2083 1906 2107 vt
1933 2077 2054 2108 iniusta

1068 2123 1175 2146 onera
1198 2117 1375 2155 remittant,
1399 2128 1484 2158 quae
1507 2128 1596 2149 noua
1624 2126 1718 2156 sunt,
1749 2125 1782 2151 et
1811 2126 1944 2161 praeter
1974 2130 2053 2152 con-

1072 2158 1278 2190 suetudinem
1303 2158 1478 2191 Ecclesiae
1503 2160 1690 2193 catholicae
1707 2170 1851 2203 recepta.
1885 2162 2054 2194 Fortassis

1071 2200 1163 2231 initio
1189 2202 1350 2243 quaedam
1376 2203 1629 2235 constitutiones
1653 2203 1838 2237 habuerunt
1860 2204 2053 2246 probabiles

1073 2253 1207 2285 causas,
1230 2255 1316 2287 quae
1339 2252 1450 2278 tamen
1479 2248 1720 2288 posterioribus
1751 2249 1956 2290 temporibus
1986 2259 2053 2280 non

1072 2294 1270 2329 congruunt.
1315 2289 1466 2331 Apparet
1495 2291 1593 2322 etiam
1624 2292 1784 2332 quasdam
1814 2302 1929 2323 errore
1959 2302 2050 2324 rece-

1071 2335 1146 2371 ptas
1170 2341 1259 2370 esse,
1283 2343 1387 2374 quare
1411 2333 1609 2365 Pontiticiae
1633 2333 1827 2366 clementiae
1849 2342 1951 2374 esset,
1975 2333 2052 2367 illas

1070 2383 1159 2406 nunc
1192 2375 1364 2417 mitigare,
1401 2376 1477 2417 quia
1512 2375 1588 2407 talis
1621 2378 1757 2408 mutatio
1791 2388 1858 2409 non
1892 2377 2053 2410 labefacit

41 2114 128 2145 enim
151 2115 357 2146 ceremonias
369 2115 540 2148 Mosaicas
562 2124 641 2159 post
665 2117 846 2150 reuelatum
871 2117 1024 2161 Euange-

39 2155 120 2189 lium
142 2167 208 2190 non
231 2159 443 2190 necessarias
465 2169 553 2192 esse.
568 2163 612 2198 ⁹⁴)
647 2160 688 2192 Et
707 2168 816 2193 tamen
839 2162 915 2204 quia
939 2172 1023 2204 opus

39 2312 88 2345 91)
105 2314 294 2345 promerendae
312 2315 471 2340 remissionis
489 2316 674 2348 peccatorum,]
699 2317 736 2342 sic
758 2318 838 2342 Editt.
863 2319 889 2344 2.
909 2319 949 2348 3.;
975 2318 1023 2342 Ed.

110 2348 151 2373 1.:
169 2349 358 2380 promerendae
377 2352 488 2381 gratiae,

38 2390 88 2423 92)
106 2391 283 2416 remissionem
300 2397 467 2423 peecatorum
485 2397 512 2418 et
529 2395 745 2429 justificationem]
772 2397 810 2421 cic
826 2396 909 2421 Editt.
935 2398 961 2422 2.
981 2397 1021 2426 3.;

109 2425 161 2451 Ed.
181 2427 220 2451 l.:
239 2428 351 2458 gratiam

38 2467 87 2501 93)
105 2469 283 2494 remissionem
300 2470 489 2502 peccatorum,]
508 2472 544 2496 εἰσ
562 2472 645 2498 Editt.
666 2474 692 2498 2.
711 2473 754 2503 3.;
774 2474 824 2499 Εὐ.
847 2476 871 2500 1.
883 2483 890 2497 z
910 2475 1022 2505 gratiam

37 2510 87 2544 94)
105 2511 240 2544 Scriptura
267 2513 396 2544 concedit,
423 2518 451 2537 vt
472 2514 620 2540 obseruatio
644 2529 678 2534 —
695 2515 869 2548 Euangelium
892 2525 946 2541 non
976 2525 1022 2542 ne-

109 2547 236 2571 cessat-ias
263 2547 341 2581 esse]
371 2549 408 2572 εἰσ
429 2548 510 2574 Editt.
534 2551 559 2575 2.
584 2551 623 2580 3.;
646 2550 696 2575 Ed.
723 2552 763 2577 1.=
787 2551 922 2584 Scriptura
945 2552 1021 2577 abro-

108 2581 182 2612 gauit
208 2582 357 2607 sabbatum.
383 2590 449 2614 quae
476 2584 554 2608 docet
578 2591 668 2609 omnes
693 2588 853 2611 ceremonias
878 2586 1022 2618 Mosateas,

108 2619 170 2647 post
186 2617 330 2642 tentatum
349 2617 522 2650 Euangelium
539 2619 624 2644 omini
640 2627 726 2652 ponsa.
1068 2623 1116 2657 95)
1133 2625 1316 2658 prodigiosae]
1335 2627 1372 2651 n'c
1389 2629 1454 2651 recte
1472 2626 1553 2651 Editt.
1574 2628 1598 2653 1.
1617 2628 1658 2658 2.;
1676 2627 1727 2653 Ed.
1745 2628 1786 2654 3.:
1803 2629 1953 2661 prodigiose

1071 2415 1244 2450 Ecclesiae
1262 2419 1434 2450 vnitatem.
1470 2418 1594 2450 Multae
1618 2421 1702 2451 enim
1725 2421 1921 2453 traditiones
1939 2421 2050 2453 huma·

1070 2469 1134 2492 nae
1156 2466 1305 2503 tempore
1329 2467 1476 2494 mutatae
1498 2468 1594 2502 sunt,
1625 2470 1659 2495 vt
1692 2464 1872 2496 ostendunt
1899 2465 1963 2507 ipsi
1986 2463 2048 2496 ca·
2091 2477 2096 2482 ·
