2324 2944
41 315 53 324 ⁸
101 317 137 344 vt
159 313 201 344 de
215 308 282 344 easss

103 133 168 167 385

103 226 244 259 dendam
266 235 346 258 esse
369 225 554 258 orationem
575 234 617 258 ac
640 224 752 262 fidem,
776 234 862 267 quae
879 230 1003 256 statuat
1025 235 1084 256 no-

101 269 154 302 bis
176 270 186 301 i
213 269 320 301 nosci.
354 267 397 300 Et
419 267 485 301 alio
507 269 541 300 in
557 266 634 299 loco
657 268 713 306 ait,
737 267 882 299 Peccata
904 273 962 299 tua
986 268 1084 300 dicito

328 310 365 343 Si
387 311 488 353 pudet
510 311 622 343 dicere
644 310 734 352 quod
759 310 978 352 peccaueris,
1008 311 1085 343 dici-

100 360 137 388 to
159 354 305 397 quotidie
328 355 362 385 in
384 355 494 386 anima
515 359 579 386 tua.
624 353 699 384 Non
724 353 799 385 dieo
827 359 863 384 vt
894 352 1084 385 confitearis

102 407 143 430 ea
165 407 278 433 seruo,
302 402 338 429 vt
361 397 550 439 exprobret.
596 395 661 427 Dic
679 395 764 430 Deo,
790 402 824 426 vt
847 403 942 427 curet
965 406 1016 428 ea.

186 439 324 472 Fatetur
354 445 387 472 et
411 438 529 482 glossa
550 439 583 470 in
611 437 767 471 Decretis
797 439 838 469 de
871 439 1084 480 poenitentia,

100 483 313 516 distinctione
341 483 471 525 quinta,
506 479 761 514 Confessionem
792 481 973 512 institutam
1007 490 1085 513 esse

100 527 144 560 ab
165 525 337 565 Ecclesia,
360 536 425 558 nec
445 525 572 568 precipi
595 535 667 556 eam
696 524 728 555 in
758 524 931 565 seripturis
959 524 1083 555 veteris

99 575 134 602 et
155 569 234 601 noui
254 569 460 607 testamenti,
489 568 577 600 idem
605 565 754 609 plerique
786 567 942 599 doctores
973 576 1083 599 sense-

98 617 188 646 runt.
233 611 346 647 Quare
368 611 532 643 sententia
561 618 677 642 nostra
705 611 747 642 de
778 608 1001 642 confessione
1028 620 1084 642 ne-

100 665 166 699 que
186 664 287 693 noua,
309 664 419 697 neque
441 654 589 686 absurda
608 659 670 685 est.

187 697 362 730 Postremo
385 698 427 729 de
449 695 735 729 satisfactionibus
759 694 813 727 vel
834 696 975 727 maxime
997 706 1082 737 opus

99 739 162 774 suit
182 741 310 773 moneri
331 740 404 782 pias
428 745 566 771 mentes.
611 739 696 771 Nam
725 737 976 770 satisfactiones
1005 737 1082 780 plus

100 783 198 816 etiam
221 783 421 815 incommodi
442 782 634 814 habuerunt
657 792 753 824 quam
783 780 840 813 illa
868 783 1081 813 enumeratio.

101 826 340 859 obscurabant
365 826 448 857 euim
472 825 668 857 beneficium
692 823 832 863 Christi,
856 825 932 866 quia
954 824 1082 856 indocti

97 869 260 909 putabant
284 877 322 898 se
345 869 575 898 remissionem
607 866 724 908 culpae
753 867 915 908 consequi
946 872 1082 907 propter

97 909 156 943 illa
177 910 313 953 propria
331 919 445 951 opera,
469 909 588 941 deinde
611 909 640 940 si
664 909 741 951 quid
765 909 797 940 in
816 909 868 940 his
892 915 963 940 erat
985 909 1083 940 omis-

98 963 190 993 sum,
226 953 453 985 conscientiae
487 953 775 994 perturbabantur.
826 951 923 989 118111,
961 949 1083 993 delige-

98 997 218 1028 bantur
240 996 460 1034 ceremoniae,
484 995 781 1038 peregrinationes,
804 1000 837 1026 et
854 993 951 1025 huius
982 1004 1083 1036 gene-

96 1040 144 1071 ris
166 1037 232 1070 alia
255 1037 381 1070 inutilia
404 1049 524 1080 opera,
551 1048 620 1069 non
643 1038 800 1070 mandata
829 1037 994 1068 diuinitus.
1040 1036 1083 1067 Et

97 1082 151 1114 his
186 1081 357 1124 fingebant
399 1081 461 1123 ipsi
499 1081 657 1113 doctores
697 1080 908 1121 compensari
942 1084 1082 1111 mortem

138 1130 277 1156 ternam.

96 1135 137 1157 ae
183 1166 298 1209 Itaque
316 1166 468 1198 duximus
486 1166 558 1207 pias
577 1171 704 1197 mentes
723 1163 914 1196 liberandas
934 1174 1011 1196 esse
1028 1163 1080 1195 his

95 1209 319 1248 erroribus,et
331 1209 490 1241 docemus
504 1207 765 1246 satisfactiones,
778 1207 933 1239 videlicet
947 1208 1079 1239 canoni-

97 1262 156 1285 cas
168 1250 257 1290 illas,
270 1262 354 1294 quas
367 1251 430 1293 ipsi
450 1257 572 1283 vocant
592 1261 694 1292 opera
711 1251 857 1282 indebita
875 1257 939 1281 etc.
957 1260 1020 1282 nec
1037 1250 1081 1282 ad

94 1295 324 1327 remissionem
337 1294 466 1336 culpae,
474 1305 537 1327 nec
543 1294 586 1326 ad
598 1294 831 1326 remissionem
839 1303 967 1334 poenae
976 1299 1080 1325 aeter-

94 1347 158 1370 nae
169 1338 346 1380 prodesse,
356 1347 420 1369 nec
433 1348 511 1370 esse
527 1337 746 1369 necessarias,
783 1336 870 1368 Olim
882 1337 914 1368 in
927 1335 1080 1368 Ecclesia

94 1391 169 1413 mos
182 1379 240 1413 suit
251 1381 284 1413 in
297 1379 431 1423 publica
443 1381 655 1422 poenitentia,
665 1390 732 1411 non
746 1381 896 1422 recipere
908 1378 1024 1420 lapsos
1037 1380 1080 1411 ad

94 1423 283 1456 Ecclesiam
304 1423 495 1461 redeuntes,
508 1424 571 1455 nisi
584 1423 695 1455 addita
707 1421 818 1465 aliqua
831 1422 956 1455 mulcta
969 1432 1074 1454 exem-

93 1465 140 1509 pli
163 1477 277 1505 causa,
300 1466 353 1498 Ab
384 1464 442 1498 illo
472 1476 565 1498 more
592 1472 669 1498 sunt
699 1471 792 1498 ortae
821 1465 1080 1504 satisfactioneS,

96 1510 165 1542 Sed
188 1516 322 1542 veteres
344 1508 402 1541 illo
423 1508 574 1552 exemplo
597 1508 755 1541 volebant
772 1508 931 1551 populum
954 1519 974 1540 a
1003 1519 1079 1550 pec-

96 1553 204 1585 cando
227 1553 413 1587 deterrere,
443 1562 511 1583 non
534 1552 723 1584 sentiebant
747 1553 969 1585 ceremoniam
991 1550 1080 1584 illam

97 1605 174 1628 esse
196 1596 502 1637 compensationem
525 1593 644 1636 culpae
656 1595 710 1628 vel
723 1602 880 1627 aeternae
894 1597 938 1633 31)
962 1595 1079 1626 mortis

95 1637 151 1671 vel
184 1639 386 1681 purgatorij,
419 1637 511 1669 Haec
539 1643 660 1679 postea
693 1637 895 1671 affinxerunt
928 1638 1080 1670 homines

95 1681 232 1713 indocti.
322 1706 326 1710 ,

182 1724 252 1756 Sed
276 1729 408 1756 veteres
430 1722 478 1755 illi
508 1734 618 1755 mores
647 1730 795 1765 tempore
824 1730 1082 1763 consenuerunt,

96 1773 129 1799 et
150 1767 312 1809 antiquati
333 1773 419 1799 sunt.
465 1767 538 1798 Nos
569 1767 669 1809 igitur
692 1778 762 1799 non
795 1777 974 1799 oneramus
1006 1777 1081 1798 con-

96 1810 258 1843 scientiae
282 1809 584 1848 satisfactionibus,
607 1810 677 1843 Sed
701 1809 781 1842 illud
806 1811 990 1849 docemus,
1013 1809 1081 1842 fru-

97 1858 171 1886 ctus
199 1853 422 1895 poenitentiae
457 1854 671 1885 necessarios
710 1864 811 1892 8558,
846 1854 1079 1892 obedientiam,

95 1897 246 1929 timorem
264 1895 340 1935 Dei,
365 1896 474 1935 fidem,
498 1895 719 1935 dilectionem,
738 1897 933 1935 castitatem,
956 1902 990 1928 et
1012 1898 1081 1928 vni-

95 1949 228 1972 uersam
257 1941 437 1972 nouitatem
473 1939 611 1982 spiritus
648 1941 772 1972 debere
807 1940 841 1972 in
875 1940 974 1972 nobis
1009 1951 1081 1972 cre-

93 1992 200 2015 scere.

180 2024 357 2057 Monemus
381 2031 414 2058 ct
436 2024 533 2067 illud,
556 2036 658 2069 saepe
685 2026 794 2069 puniri
813 2033 956 2068 peccata
984 2027 1081 2058 etiam

95 2073 159 2101 tem
186 2067 337 2101 oralibus
349 2069 512 2111 poenisin
525 2069 589 2101 hac
602 2070 681 2109 vita,
704 2076 739 2102 vt
762 2069 884 2109 Dauid,
906 2069 1080 2109 manasse,

95 2117 128 2144 et
149 2079 205 2153 aliij
230 2110 324 2143 multi
347 2113 450 2154 puniti
481 2118 578 2151 sunt,
613 2112 656 2145 Et
689 2112 751 2144 has
783 2122 912 2154 poenas
940 2113 1082 2156 mitigari

95 2155 257 2187 docemus
277 2155 375 2187 bonis
406 2157 580 2197 operibus,
612 2162 646 2188 et
678 2157 837 2189 vniuersa
866 2158 1080 2198 poenitentia,

95 2198 191 2231 Sicut
214 2198 313 2230 docet
336 2197 474 2237 Paulus,
494 2199 530 2231 Si
548 2209 612 2231 nos
635 2199 730 2242 ipsos
753 2200 990 2233 indicaremus,
1013 2210 1080 2231 non

94 2241 318 2274 iudicaremur
346 2251 367 2273 a
396 2241 552 2274 Domino.
597 2241 639 2274 Et
667 2241 869 2285 poenitentia
895 2245 1013 2276 meruit
1045 2247 1081 2274 vt

95 2283 192 2317 Deus
215 2285 413 2317 sententiam
436 2286 478 2317 de
496 2284 638 2318 delenda
659 2286 780 2318 Niniue
802 2292 953 2318 mutaret.

181 2326 250 2366 lta,
285 2338 359 2360 cum
392 2334 491 2359 antea
520 2329 762 2370 disputationes
802 2329 844 2362 de
877 2329 1080 2371 poenitentia

95 2367 218 2403 fuerint
235 2370 494 2405 inextricabiles,
518 2377 552 2403 et
569 2371 689 2413 plenae
710 2373 933 2406 absurdarum
955 2373 1079 2415 opinio-

95 2423 188 2452 num,
208 2423 299 2446 nunc
320 2420 502 2458 repurgata
524 2414 676 2448 doctrina
696 2415 743 2448 ita
770 2417 914 2449 traditur
942 2415 1078 2459 populo,

96 2461 134 2488 vt
154 2455 293 2499 intelligi
315 2458 435 2500 possit,
457 2463 490 2490 et
507 2458 616 2500 prosit
639 2459 683 2491 ad
700 2459 867 2501 pietatem,
886 2459 1078 2492 Retinemus

97 2504 131 2532 et
151 2498 356 2533 illustramus
378 2510 478 2534 veras
501 2502 723 2544 poenitentiae
744 2509 877 2546 partes,
905 2502 1079 2536 Contritio-

98 2611 146 2644 31)
164 2612 297 2646 aeternae]
317 2614 355 2638 εἰσ
372 2613 422 2639 Ed.
441 2615 480 2643 4.;
499 2613 549 2640 Ed.
569 2615 608 2641 3.:
628 2619 733 2640 aeterne

302 2672 452 2693 ulmum.
466 2673 547 2694 ona
562 2673 627 2695 vor..
641 2674 725 2695 xxvx.

668 130 709 164 11.
753 131 794 164 B.
855 129 1100 165 CONFESSIO
1121 127 1402 163 AUGUSTANA
1424 129 1536 163 IPSA.

1103 507 1114 827 f

2051 131 2117 165 386

1133 234 1221 264 nem,
1244 223 1369 261 Fidem,
1392 222 1666 263 Absolutionem,
1690 223 1931 256 Remissioncm
1960 232 2114 267 peccato-

1133 278 1218 306 rum,
1239 267 1514 299 Emendationem
1537 268 1638 299 totius
1661 267 1759 306 vitae,
1785 268 2020 311 mitigationem
2041 279 2114 311 pre-

1133 310 1275 343 sentium
1298 320 1493 351 poenarum.

1220 353 1273 385 Ac
1295 363 1470 394 speramus
1494 353 1602 384 bonos
1625 354 1716 385 viros
1739 354 1772 384 in
1795 352 1947 385 hocloco
1972 365 2039 385 non
2062 364 2114 386 so-

1133 394 1201 428 lum
1222 394 1303 428 nihil
1324 395 1583 437 reprehendere,
1607 396 1668 427 sed
1699 397 1796 428 etiam
1826 397 1964 437 gratiam
1992 396 2116 429 habere

1135 439 1188 470 his
1211 439 1266 481 qui
1285 444 1509 481 repurgarunt
1526 438 1614 470 hanc
1627 439 1799 470 doctrinae
1810 438 2021 472 Christianae
2043 451 2116 481 par-

1133 487 1216 519 tem,
1241 492 1339 523 quam
1362 482 1501 522 prodest
1523 482 1556 512 in
1579 480 1743 513 Ecclesiis
1773 488 1885 514 extare
1919 493 2016 524 quam
2046 482 2115 524 pla·—

1132 524 1268 556 nissime
1283 525 1329 565 32)
1363 523 1563 566 explicatam
1589 530 1690 566 atque
1719 523 1933 562 illustratam,
1962 525 2115 558 Christus

1132 567 1246 608 inquit,
1270 566 1424 609 Angelos
1451 567 1485 597 in
1515 565 1610 598 coelo
1641 566 1756 605 letari,
1793 578 1867 599 cum
1895 568 2008 599 vident
2034 569 2115 600 resi-

1131 609 1264 651 piscere
1285 615 1512 651 peccatorem.
1557 609 1672 651 ltaque
1696 609 1906 652 gratulantur
1930 610 2115 650 Ecclesiae,

1132 658 1164 684 et
1187 653 1251 694 ipsi
1274 651 1397 695 angeli,
1419 663 1536 694 puram
1559 653 1601 684 de
1626 653 1830 694 poenitentia
1859 653 2054 686 doctrinam.
2069 656 2114 693 28)

1268 759 1336 791 DE
1380 758 1695 791 DISCRIMINE
1742 758 1984 792 CIBORVM

1324 810 1389 843 ET
1429 810 1699 842 SlMlLlBVS
1743 810 1925 842 TRADI-

1413 862 1558 894 tionibus
1581 862 1772 904 pontific-ijs.
1787 864 1831 901 ³³⁵)

1221 943 1264 980 ⁸⁴)
1288 942 1324 973 In
1347 942 1412 974 hac
1447 941 1614 984 corporali
1641 944 1710 974 vita
1739 953 1823 984 opus
1852 950 1903 976 est
1932 945 2114 977 traditioni-

1132 985 1208 1022 bus,
1230 984 1297 1016 hoc
1320 992 1384 1023 est,
1407 984 1557 1017 locorum
1580 996 1621 1017 ac
1644 992 1827 1027 temporum
1858 987 2114 1027 discriminibus,

1131 1033 1167 1059 vt
1191 1027 1305 1058 ordine
1330 1034 1490 1070 gerantur
1512 1038 1567 1059 res
1591 1029 1624 1059 in
1644 1028 1811 1068 Ecclesia,
1837 1030 1922 1061 sicut
1952 1031 2114 1072 praecipit

1132 1068 1278 1108 Paulus,
1306 1076 1342 1101 vt
1370 1072 1478 1102 omnia
1505 1071 1584 1102 fiant
1615 1072 1747 1110 ordine,
1783 1079 1816 1103 et
1838 1073 1883 1104 ita
1906 1078 1941 1104 vt
1963 1074 2112 1106 deceant.

1131 1112 1209 1144 Ideo
1233 1118 1267 1144 et
1288 1112 1444 1145 Ecclesia
1466 1114 1566 1145 habet
1591 1115 1805 1153 ἐι-8611101185,
1833 1114 1898 1147 hoc
1933 1123 2001 1154 est,
2037 1127 2113 1148 con-

1133 1155 1238 1187 stituit
1261 1156 1383 1198 quibus
1411 1157 1636 1198 temporibus,
1669 1158 1726 1188 vbi
1762 1159 1942 1189 conuenire
1970 1159 2114 1201 populus

1132 1199 1263 1230 debeat.
1308 1199 1362 1230 Ad
1384 1199 1474 1231 hunc
1501 1198 1630 1232 ciuilem
1654 1199 1751 1231 finem
1782 1199 1860 1232 licet
1883 1202 2028 1234 condere
2054 1208 2115 1234 tra-

1132 1241 1285 1273 ditiones.
1344 1241 1414 1273 Sed
1448 1241 1601 1274 homines
1636 1243 1775 1285 imperiti
1817 1245 1987 1276 doctrinae
2020 1245 2114 1277 Chri—

1132 1285 1272 1323 stianae,
1291 1294 1361 1316 nou
1383 1291 1461 1316 sunt
1484 1285 1549 1317 hoc
1574 1286 1640 1317 fine
1665 1287 1828 1325 contenti,
1859 1289 1920 1319 sed
1949 1286 2115 1331 affingunt

1131 1327 1388 1368 supersticiosas
1413 1329 1586 1370 opiniones
1617 1330 1865 1369 traditionibuS,
1897 1340 2024 1373 easque
2056 1342 2115 1372 per

1130 1371 1402 1412 superstitionem
1443 1372 1514 1403 sine
1555 1373 1655 1404 modo
1696 1371 1874 1405 cumulant.
1931 1374 1965 1404 ld
2006 1375 2114 1416 questi

1129 1419 1208 1445 sunt
1229 1414 1396 1445 accidisse
1413 1415 1447 1445 in
1471 1413 1638 1454 Ecclesia,
1657 1426 1724 1447 non
1748 1421 1876 1447 tantum
1895 1419 2114 1457 recentiores,

1131 1457 1266 1488 Gerson
1290 1463 1322 1488 et
1345 1456 1400 1499 aiij
1426 1458 1571 1500 quidam,
1595 1459 1656 1490 sed
1680 1459 1889 1501 Augustinus
1910 1461 2019 1491 etiam.

1217 1499 1329 1536 Quare
1357 1510 1500 1533 necesse
1531 1507 1583 1534 est
1610 1500 1767 1544 populum
1801 1503 2001 1542 admonere,
2036 1503 2116 1546 quid

1130 1543 1172 1574 de
1195 1543 1445 1582 traditionibus,
1474 1555 1560 1586 quae
1582 1544 1725 1577 humana
1755 1546 1932 1577 autoritate
1960 1547 2115 1579 conditae

1130 1592 1208 1618 sunt.
1231 1587 1263 1617 in
1286 1585 1458 1626 Ecclesia,
1478 1588 1693 1620 senciendum
1718 1589 1767 1620 sit.
1812 1589 1929 1631 Neque
1960 1590 2046 1621 enim
2068 1591 2113 1621 ni-

1130 1628 1176 1660 hil
1200 1639 1324 1661 causae
1347 1636 1415 1669 est,
1449 1640 1508 1662 cur
1536 1630 1690 1663 Christus
1720 1637 1753 1662 et
1786 1631 1911 1664 Paulus
1944 1634 2044 1665 toties
2073 1634 2115 1665 de

1129 1673 1362 1706 traditionibus
1394 1674 1652 1714 concionentur,
1686 1681 1718 1706 et
1740 1674 1929 1707 Ecclesiam
1962 1677 2114 1708 admone-

1130 1721 1196 1755 ant,
1220 1722 1255 1747 vt
1279 1717 1461 1758 prudenter
1485 1717 1526 1748 de
1551 1719 1783 1749 traditionibus
1808 1719 1939 1750 iudicet.

1217 1759 1291 1791 Fuit
1314 1765 1424 1791 autem
1448 1762 1624 1801 persuasio
1647 1760 1780 1802 publica
1797 1772 1865 1793 non
1888 1762 1988 1794 modo
2011 1761 2114 1805 vulgi,

1130 1802 1191 1833 sed
1215 1802 1312 1834 etiam
1331 1802 1519 1835 docentium
1542 1804 1573 1835 in
1593 1802 1776 1842 EcciesiiS,
1805 1805 1995 1837 discrimina
2026 1807 2114 1837 dbo-

1130 1856 1202 1877 rum
1222 1850 1254 1877 et
1276 1844 1394 1878 similia
1417 1856 1532 1888 opera,
1556 1847 1598 1879 de
1621 1847 1740 1890 quibus
1763 1847 2026 1881 Ecclesiasticae
2049 1856 2115 1881 tra·

1131 2009 1178 2042 32)
1196 2009 1355 2044 planissime]
1376 2011 1412 2036 sic
1430 2015 1496 2036 recte
1515 2011 1564 2036 Ed.
1584 2012 1622 2042 4.;
1641 2011 1690 2036 Ed.
1710 2013 1735 2038 3.
1755 2015 1806 2045 ψῃ.
1826 2020 1923 2037 errore:
1947 2013 2113 2044 planissimae

1131 2053 1178 2086 33)
1197 2053 1238 2077 De
1257 2053 1405 2078 discrimine
1425 2055 1543 2079 cibor-rm
1563 2059 1587 2078 et
1606 2055 1732 2080 similibvs
1751 2055 1933 2080 traditionibus
1952 2055 2114 2088 pontificijs]

1201 2089 1237 2112 sic
1255 2087 1295 2112 hic
1318 2092 1367 2112 art.
1392 2089 1419 2113 in
1442 2089 1524 2114 Editt.
1548 2090 1573 2115 3.
1599 2090 1624 2115 4.
1653 2090 1787 2122 inscriptus
1812 2094 1862 2120 esr3
1887 2091 1912 2114 in
1936 2090 2016 2115 Editt.
2045 2093 2067 2116 1.
2088 2092 2112 2116 2.

1201 2122 1272 2148 habet
1291 2122 1353 2148 hanc
1372 2122 1505 2149 breviorem
1526 2125 1722 2157 inscriptionem:
1748 2125 1789 2148 De
1816 2126 1963 2149 discrimine
1988 2125 2113 2150 ciborvm.

1200 2171 1234 2176 —
1253 2157 1303 2182 Hic
1321 2162 1382 2189 art,
1401 2159 1444 2191 qui
1463 2159 1488 2182 in
1507 2159 1589 2183 Editt.
1610 2160 1634 2185 3.
1652 2161 1677 2185 4.
1696 2162 1800 2192 quartu-s
1825 2163 1873 2189 est,
1895 2160 1919 2183 in
1937 2160 2017 2185 Editt.
2044 2161 2066 2185 1.
2086 2161 2111 2186 2.

1198 2193 1283 2225 quinto
1303 2193 1354 2217 Ioco
1368 2194 1526 2227 preponitur.

1132 2235 1179 2268 34)
1198 2234 1229 2260 In
1247 2235 1297 2260 bac
1316 2237 1446 2269 corporali
1465 2238 1520 2262 vita
1539 2251 1571 2255 -
1595 2251 1627 2255 -
1646 2237 1726 2261 multa
1748 2242 1904 2268 pepererunt
1926 2236 2114 2271 incommode]

1199 2271 1236 2294 sic
1263 2270 1309 2295 Ιιοσ
1333 2272 1486 2304 principium
1514 2271 1585 2296 huius
1613 2275 1661 2296 art.
1686 2275 1804 2295 mutatum
1823 2276 1857 2296 est
1882 2273 1907 2295 t'n
1931 2272 2011 2296 Editt.
2031 2274 2054 2298 3.
2071 2273 2114 2303 4.;

1197 2313 1253 2329 nam
1277 2306 1304 2330 t‘n
1321 2305 1371 2330 Ed.
1391 2307 1414 2332 1.
1439 2314 1489 2339 pro
1517 2307 1566 2330 illis
1592 2305 1705 2338 leyuntur
1729 2305 1789 2331 haec
1812 2305 1903 2331 verba:
1927 2307 2036 2331 Publica
2054 2314 2112 2339 per-

1197 2340 1286 2364 suasio
1304 2340 1354 2365 suit
1371 2355 1404 2359 —
1422 2355 1456 2359 —
1474 2342 1640 2365 incommoda
1659 2342 1685 2364 in
1705 2341 1824 2365 Ecclesia
1842 2344 1931 2365 secuta
1949 2346 2017 2366 sunt.
2042 2342 2112 2372 (u'de

1198 2382 1275 2407 supra
1288 2383 1316 2407 p.
1336 2376 1395 2401 304.
1416 2376 1458 2400 lin.
1478 2376 1584 2406 6—18.)
1620 2375 1658 2400 Ab
1677 2374 1715 2399 ln's
1739 2375 1820 2400 rabin
1847 2375 1977 2400 Editionis
1998 2377 2021 2402 1.
2050 2377 2112 2400 Edi-

1198 2410 1235 2434 tio
1253 2410 1279 2435 2.
1298 2413 1392 2434 tamum
1411 2410 1504 2435 duobus
1522 2411 1581 2435 Iocis
1606 2410 1700 2443 differt:
1726 2410 1755 2441 1)
1785 2409 1878 2435 Verba:
1903 2411 1936 2434 ad
1963 2419 2113 2443 promeren-

1199 2444 1258 2468 dam
1276 2445 1387 2475 gratiam
1407 2450 1432 2469 et
1450 2445 1624 2470 satisfactoria
1644 2452 1690 2477 pro
1713 2445 1835 2477 peccatis.
1874 2445 1916 2478 (p.
1936 2445 1996 2472 304.
2022 2446 2064 2471 lin.
2087 2447 2112 2473 9.

1200 2479 1256 2509 10.)
1273 2480 1299 2502 in
1318 2480 1367 2504 Ed.
1386 2481 1411 2505 2.
1435 2480 1472 2504 sic
1494 2483 1586 2503 mutata
1610 2483 1678 2503 aunt:
1703 2480 1737 2504 ad
1760 2480 1958 2512 promerendam
1982 2482 2111 2506 remissio-

1197 2520 1258 2538 nem
1275 2514 1368 2546 eulpae
1387 2518 1414 2538 et
1431 2521 1541 2546 poenae.
1559 2514 1590 2546 2)
1609 2513 1663 2538 Pro
1682 2513 1763 2539 uerbis
1781 2514 1830 2539 Ed.
1852 2516 1891 2541 1.:
1909 2516 1944 2540 ad
1962 2523 2111 2547 promeren-

1199 2548 1259 2572 dam
1283 2549 1404 2580 gratiam.
1430 2553 1456 2573 et
1481 2549 1649 2573 vehementer
1667 2550 1708 2582 (p.
1732 2549 1793 2575 304.
1813 2550 1855 2574 Ιιή.
1882 2549 1939 2581 15.)
1963 2551 1989 2574 in
2012 2550 2061 2574 Ed.
2086 2550 2112 2576 2.

1199 2582 1313 2615 lequneur
1336 2582 1437 2609 haecce:
1465 2583 1499 2608 ad
1522 2583 1722 2616 promerendam
1746 2583 1956 2609 iustificatiouem
1982 2589 2010 2609 et
2035 2583 2114 2609 ueho-

1196 2620 1297 2642 menter

1876 2669 1909 2695 25
