2324 2944
111 176 173 209 337
690 174 728 207 n.
774 174 813 207 Β.
858 174 1100 207 CONFESSIO
1123 172 1398 206 AUGUSTANA
1423 171 1533 204 IPSA.
2048 170 2112 204 338

559 272 584 299 1.
626 268 678 300 De
701 268 976 300 Melanthonz's
998 268 1145 300 Edi‘tl'one
1167 269 1247 300 anni
1266 270 1356 298 1531.
1382 271 1514 298 octavae
1532 265 1671 306 formae.

264 359 323 389 lam
348 368 441 399 supra
458 369 487 399 p.
508 361 567 389 247
588 369 636 398 sq.
654 360 827 391 memoravi,
847 359 1084 389 Melanthonem.
1105 359 1246 388 Editione
1265 358 1399 397 principe
1418 357 1466 386 vix
1485 355 1647 395 publicata,
1661 354 1898 385 contessionem
1917 358 2112 389 retractasse,

108 407 200 442 atque
219 412 256 432 ex
274 401 405 442 epistola
423 402 461 431 ab
480 405 602 432 auctore
621 402 658 431 ad
678 401 830 431 Brentium
859 402 886 431 d.
908 405 934 431 7.
961 401 1034 430 lunii
1057 402 1169 439 scripta
1196 400 1256 430 illic
1283 400 1421 439 probavi,
1451 399 1528 428 hanc
1559 408 1664 428 novam
1695 398 1866 428 Editionem
1898 398 1961 427 fere
1991 399 2112 428 ineunte

107 444 193 476 lunio
211 455 239 475 a.
262 448 351 475 1531.
371 454 445 474 esse
462 445 622 484 inceptam.
669 443 751 473 {dem
771 445 946 483 intelligitur
965 454 1000 473 ex
1020 445 1114 473 hocce
1134 444 1200 473 loco
1221 443 1370 483 epistolae,
1389 444 1426 471 ab
1445 442 1552 471 eodem
1572 441 1610 470 ad
1629 440 1706 471 Frid.
1728 441 1902 480 Myconium
1922 441 1949 470 d.
1973 444 2021 471 14.
2036 439 2111 470 lunii

110 491 202 519 1531.
221 488 311 518 datae
330 489 373 527 (in
393 487 483 517 huius
503 486 594 527 Corp.
613 487 682 516 Vol.
702 486 736 516 ll.
758 498 785 526 p.
807 490 909 524 5011„
931 486 1102 526 „Apologia
1119 497 1186 516 mea
1205 487 1356 516 recuditur
1375 495 1461 519 nunc,
1482 489 1512 514 et
1531 494 1588 523 ego
1607 483 1707 513 locum
1726 484 1764 513 de
1783 484 1995 514 iustificatione
2015 484 2111 523 magis

108 531 197 561 etiam
217 531 368 561 illustrare
387 540 492 565 conorg
512 530 661 570 quaedam
682 531 758 559 enim
780 531 807 559 in
832 530 1037 559 solutionibus
1056 533 1294 568 argumentorum
1313 529 1385 557 mihi
1405 527 1611 566 displicent-⁴⁴,
1631 531 1721 566 atque
1740 527 1902 556 affirmatur
1922 527 2004 556 initio
2025 525 2115 556 Prae-

108 574 230 604 fationis
249 574 287 603 ad
309 573 442 603 lectores
462 574 490 603 in
510 573 566 603 bac
584 572 727 603 Editione
746 575 792 602 sic
811 578 938 603 mutato:
961 573 1064 602 „Haec
1086 571 1250 602 Confessio
1270 581 1396 611 prorsus
1416 571 1622 609 ignorantibus
1648 568 1839 609 Principibus
1867 571 1917 608 qui
1945 571 2011 598 eam
2037 567 2114 599 Cae-

106 618 168 647 sari
188 616 402 652 exhibuerunt,
422 616 459 645 ab
478 626 568 646 auaro
587 615 690 655 aliquo
716 616 922 655 typographo,
949 619 1022 645 ante
1049 619 1192 645 senze-rere
1219 615 1372 655 publicata
1394 617 1470 643 estu
1519 612 1577 642 Pro
1603 616 1675 641 ante
1697 616 1840 642 semestre
1863 614 1892 641 in
1924 611 2116 641 praefatione

107 659 261 691 Editionis
285 659 430 699 principis
449 669 540 699 supra
558 669 586 698 p.
607 661 667 689 259
687 669 734 698 sq.
756 669 863 688 recusa
884 659 1007 698 legitur:
1027 662 1098 687 ante
1117 659 1196 688 duos
1219 668 1342 687 meuses.
1389 657 1475 686 Hanc
1493 656 1617 685 alteram
1635 655 1841 685 Melanthonis
1860 655 2032 684 Editionem
2052 655 2116 685 fere

106 713 213 732 mense
232 702 404 742 Septembri
424 712 498 731 esse
518 702 629 731 finitam
643 703 690 739 ’).
711 701 855 741 colligere
875 702 945 731 licet
964 712 1001 731 ex
1021 702 1116 730 hocce
1135 701 1203 730 loco
1224 701 1374 740 epistolae
1393 700 1430 729 ab
1450 709 1486 728 eo
1506 699 1543 728 ad
1565 698 1606 730 lo.
1620 697 1774 727 Brentium
1795 698 1824 729 d.
1847 700 1897 727 30.
1911 698 1998 738 Sept.
2023 700 2114 728 1531.

106 745 238 785 scriptae
257 745 363 784 (corp.
383 744 418 775 ll.
438 755 466 784 p.
487 747 592 783 5470:
615 743 680 774 „Tu
699 745 851 774 subtiliter
871 749 900 775 et
919 744 1022 784 procul
1041 754 1078 774 ex
1097 744 1370 784 praedestinatione
1390 742 1510 781 colligis
1531 741 1655 771 cuilibet
1673 752 1761 771 suum
1781 741 1903 780 gradum
1923 741 2116 770 distributum

107 798 198 819 esse.
219 792 250 818 et
267 792 349 818 recte
367 788 565 817 ratiocinaris.
603 787 667 816 Sed
686 797 742 826 ego
762 789 789 816 in
810 791 872 817 tota
893 787 1039 827 Apologia
1060 787 1121 827 fugi
1140 787 1221 816 illam
1242 786 1361 825 longam
1387 790 1415 815 et
1441 784 1682 824 inexplicabilem
1707 785 1940 823 disputationem
1967 784 2005 813 de
2029 793 2112 823 prae·

106 831 317 862 destinatione.
363 829 485 869 Ubique
504 831 551 860 sic
570 830 692 869 loquor,
713 831 798 869 quasi
819 831 1054 869 praedestinatio
1074 835 1219 869 sequatur
1239 835 1368 859 nostram
1389 829 1475 858 tidem
1496 833 1526 857 ct
1545 837 1646 867 opera.
1692 828 1738 856 Ac
1757 827 1833 856 facio
1853 827 1911 856 hoc
1937 830 2019 856 certo
2044 837 2112 856 con·

105 873 192 904 siliox
210 883 268 903 non
288 874 366 903 enim
385 873 455 903 volo
475 874 679 902 conscientias
699 874 871 912 perturbare
891 874 953 903 illis
979 873 1243 912 inexplicabilibus
1274 872 1464 911 labyrinthis.
1509 870 1581 900 Ideo
1602 871 1642 900 ita
1672 871 1839 904 constituo,
1864 869 2003 899 homines
2029 879 2112 899 acce-

104 920 176 956 ptos
195 926 268 946 esse
285 920 407 955 propter
425 915 599 947 Christum.
620 916 695 950 tide,
716 916 774 945 hoc
793 920 841 946 est
859 921 976 949 autem,
998 927 1070 945 esse
1090 917 1196 945 iustos.
1244 915 1362 944 Deinde
1391 914 1507 944 accedit
1538 913 1618 952 legis
1645 913 1797 952 impletio,
1828 923 1906 952 quae
1936 912 2028 942 habet
2056 922 2113 942 sua

105 960 248 999 praemia.
295 957 412 989 lustitia
430 964 548 994 autem,
568 959 625 988 hoc
651 963 700 988 est
723 960 890 998 acceptatio
915 959 1006 988 simul
1032 958 1121 988 babet
1151 960 1239 987 vitam
1267 962 1429 993 aeternam,
1455 967 1546 996 quare
1575 957 1650 986 fides
1677 956 1744 985 sola
1769 957 1914 990 vivificat,
1942 966 2008 985 cum
2034 956 2114 994 paci-

105 1002 175 1032 ficat
192 1012 251 1032 cor.
273 1002 349 1032 haec
367 1008 437 1032 sunt
457 1001 543 1041 plana
562 1006 593 1032 et
611 1001 711 1031 facilia
729 1002 900 1038 intellectu,
931 1011 1008 1040 quae
1033 1005 1128 1030 utrum
1156 1002 1208 1030 tibi
1235 1001 1440 1035 satisfaciant,
1465 999 1555 1028 velim
1581 1003 1611 1028 te
1639 1009 1729 1038 quam
1752 1000 1878 1038 primum
1905 998 1977 1028 mihi
2002 998 2113 1038 signifi-

105 1055 204 1075 care-⁴⁶
250 1044 298 1075 Ex
317 1045 383 1079 his,
408 1055 485 1083 quae
503 1049 641 1084 spectant
661 1044 697 1074 ad
722 1045 789 1074 eius
810 1045 847 1074 de
868 1045 1079 1074 iustificatione
1100 1048 1129 1073 et
1140 1040 1226 1082 'legas
1251 1043 1426 1082 impletione
1446 1043 1611 1071 doctrinam
1630 1043 1658 1071 in
1676 1042 1733 1071 hac
1752 1042 1894 1072 Editione
1912 1045 2112 1076 retractatam,

105 1089 315 1127 cognoscitur,
336 1087 412 1117 hanc
432 1087 488 1117 Ed.
509 1088 597 1117 modo
618 1098 691 1117 esse
716 1087 840 1122 finitam,
861 1088 1000 1126 quoniam
1019 1087 1058 1115 de
1084 1086 1138 1115 bac
1165 1087 1373 1115 retractatione
1400 1090 1540 1124 tanquam
1566 1085 1605 1114 de
1632 1095 1663 1114 re
1686 1086 1854 1124 praesenti,
1886 1085 1975 1114 modo
2003 1088 2112 1124 pertra-

107 1134 184 1161 ctata
202 1130 342 1170 loquitur.

259 1185 343 1215 Haec
362 1185 480 1220 Editio,
501 1195 578 1224 quae
598 1185 694 1214 solam
714 1184 950 1214 confessionem
970 1185 1088 1214 latinam
1117 1195 1181 1214 cum
1208 1184 1359 1224 Apologia
1377 1184 1601 1223 complectitur,
1626 1184 1672 1212 sic
1692 1183 1836 1222 inscripta
1855 1187 1919 1213 est:

835 1266 1380 1349 CONFES

834 1371 950 1414 SIO
1004 1372 1211 1412 FIDEI
1259 1372 1379 1412 EX:

832 1446 1045 1478 HIBITA
1073 1444 1385 1478 lNVlCTlSS.

831 1506 908 1547 Imp.
934 1507 1054 1538 Carolo
1084 1506 1119 1537 V.
1143 1506 1284 1546 Caesari
1305 1508 1384 1547 Any.

906 1563 939 1593 in
962 1561 1113 1602 Comicuy‘s
1136 1562 1310 1604 Auyustae.

1032 1622 1186 1654 ANNO

974 1677 1016 1708 M.
1042 1677 1084 1708 D.
1109 1678 1238 1709 XXX.

816 1809 934 1843 Addita
963 1812 1009 1843 en
1036 1786 1193 1855 ‘xpofogia
1223 1810 1412 1844 offensionis

994 1879 1107 1911 Pt'alm.
1144 1879 1225 1912 119.

851 1948 892 1981 Et
921 1947 1079 1993 loquebar
1106 1947 1145 1980 de
1174 1947 1364 1992 tcttimonijs

864 2012 926 2046 tuis
955 2013 986 2045 in
1016 2014 1186 2058 conspectu
1218 2013 1353 2057 Regum.

865 2082 896 2110 et
913 2089 976 2110 non
993 2076 1224 2110 contundebar.

871 2193 1347 2226 WlTEBERGAE.

106 2277 164 2308 Hic
182 2277 288 2308 titulus
307 2279 424 2308 cinctus
443 2283 493 2309 est
522 2279 624 2319 figuris
656 2280 735 2320 lignc
761 2281 883 2315 incisis,
907 2282 982 2310 inter
1009 2290 1086 2320 quas
1111 2281 1139 2310 iu
1168 2282 1324 2320 superiore
1349 2285 1432 2321 parte
1456 2286 1545 2322 caput
1568 2282 1734 2312 laureatum
1760 2281 1864 2311 fronde
1891 2282 2059 2318 inclusum,
2083 2284 2112 2313 in

107 2320 210 2351 dextra
239 2325 270 2351 et
298 2322 420 2351 sinistra
449 2325 532 2361 parte
555 2323 675 2362 singula
699 2326 852 2359 columna,
877 2329 968 2363 atque
995 2325 1023 2353 in
1043 2323 1181 2353 inferiore
1205 2328 1287 2363 parte
1305 2324 1366 2354 duo
1391 2326 1489 2365 capita
1514 2325 1633 2364 galeata
1651 2326 1733 2355 iuxta
1752 2335 1824 2355 sese
1843 2326 1945 2365 posita
1967 2330 1998 2356 et
2016 2327 2112 2356 tribus

66 2380 69 2382 ·
107 2363 227 2393 circulis
247 2365 344 2394 cincta
363 2365 599 2404 conspiciuntur.

261 2419 344 2449 Haec
362 2419 418 2450 Ed.
444 2421 575 2451 continet
599 2423 637 2452 28
657 2422 797 2462 plagulas
818 2425 853 2454 8⁰
871 2423 994 2459 minori,
1015 2432 1138 2461 quarum
1160 2425 1200 2465 43
1222 2425 1354 2463 priores,
1379 2423 1485 2454 litteris
1505 2435 1584 2454 a-e
1610 2427 1663 2466 (οὲ
1684 2423 1778 2463 plag.)
1802 2425 1951 2463 signatae,
1979 2427 2018 2455 36
2037 2424 2111 2455 folia

107 2472 164 2491 non
194 2467 362 2498 numerata,
392 2474 517 2503 quorum
547 2464 682 2495 ultimum
710 2465 810 2495 album
841 2471 907 2499 est,
939 2465 1168 2503 Confer-sionem
1201 2465 1344 2501 latinam,
1376 2471 1496 2497 ceterae
1527 2469 1587 2509 234
1617 2467 1716 2507 plagg.
1749 2467 1859 2497 litteris
1892 2467 1980 2501 f—n,
2010 2467 2110 2504 A——Q

217 2605 243 2638 ‘)
260 2608 330 2648 iden]
349 2609 431 2634 refert
448 2610 603 2636 Weberus
621 2610 636 2636 1.
655 2610 672 2636 1.
692 2609 723 2636 n.
743 2617 766 2642 p.
784 2611 817 2637 56
836 2612 874 2637 his
894 2611 989 2637 verbis:
1010 2625 1055 2639 „-
1080 2625 1109 2629 —
1130 2611 1153 2640 5⁰
1173 2612 1244 2644 mufi,
1264 2613 1351 2637 nimnat
1370 2620 1427 2637 mem
1446 2612 1502 2643 aud)
1522 2614 1567 2638 ben
1586 2611 1694 2645 {anesten
1714 2611 1814 2638 tamin
1834 2619 1881 2644 αη,
1908 2613 1944 2638 bie
1974 2613 2109 2643 nerbefierte

259 2641 395 2673 lateintftbe
414 2641 606 2675 octonauognbe
625 2643 680 2673 boo
699 2645 755 2670 ποῶ
775 2652 820 2671 rot
840 2644 971 2671 ffliidsaelie
993 2647 1053 2670 15³1
1076 2645 1206 2677 erfdyienen
1226 2646 1308 2676 ιἐνῐι.”

312 2701 458 2722 unm-ru.
472 2703 551 2723 orna
568 2703 631 2725 vot..
646 2703 725 2723 xxvr.
1875 2699 1905 2722 22
