2324 2944
97 170 162 203 349
677 171 715 204 11.
761 171 800 205 B.
846 168 1092 204 CONFESSIO
1115 168 1392 202 AUGUSTANA
1413 169 1524 202 IPSA.
2041 170 2107 203 350

305 264 468 303 Confessio
486 269 492 304 Ι
507 264 585 304 fidei
607 265 747 295 exhibitu
779 266 826 294 ιίι-
852 264 857 307 Ι
881 266 998 294 victi-rs.
1044 264 1137 303 Impe.
1168 263 1285 294 Carolo
1324 263 1359 293 V.
1381 263 1385 304 Ι
1406 263 1537 294 Caesari
1560 263 1641 303 Any.
1668 265 1699 292 in
1729 263 1878 303 Comz‘ctjs
1896 264 1902 303 Ι
1921 265 2106 307 Amostae}

258 312 261 313 ’
346 308 438 337 Anno
461 306 506 337 M.
525 307 568 338 l).
587 306 689 338 XXX.
710 309 716 348 Ι
735 308 859 338 Addita
871 312 917 338 est
936 307 1095 347 Apoloyia
1114 306 1327 345 Censes-rionis
1346 308 1350 347 Ι
1371 307 1539 346 diliyenter
1556 309 1725 346 recoquita.
1748 309 1752 347 Ι
1772 306 1814 336 Et
1836 312 1840 345 Ι
1860 306 2025 345 Confessio
2053 308 2107 337 tlo-

347 352 421 380 ctri-
442 351 447 391 Ι
466 359 525 379 nne
548 350 754 381 Ecclesiam„
777 351 833 380 Sa·
853 353 857 392 Ι
877 352 1062 380 ,τοηίοιιτιιιη
1085 352 1204 389 scripta
1227 350 1318 379 Αιιηο
1345 352 1438 388 1551,
1460 351 1464 390 Ι
1492 350 1529 379 Vt
1551 350 1682 390 Synodo
1705 349 1906 380 Tridentinae
1925 356 1930 388 Ι
1951 350 2107 380 exhibere-

347 397 407 423 tur.
428 396 432 432 Ι
451 392 541 423 Psal.
561 393 675 426 CXIX.
696 395 701 434 Ι
721 393 764 423 Et
782 394 928 433 loquebar
951 394 991 423 de
1018 395 1204 432 testimmujs
1234 394 1294 422 tuis
1324 394 1357 422 in
1382 403 1454 423 con:
1474 393 1478 434 Ι
1499 397 1606 432 spectu
1629 392 1764 432 Reyum,
1797 397 1827 423 et
1852 403 1912 422 non
1939 394 2108 432 confunde-

346 437 413 467 bar.
444 437 449 474 Ι
478 435 569 466 Anno
602 437 646 468 Jll.
676 437 720 467 D.
755 436 838 466 [AX.
869 455 908 460 —
939 435 971 465 ln
1002 437 1060 466 fine
1089 436 1171 467 libri:
1213 435 1449 475 lViltemberyae
1475 445 1516 464 ez
1546 437 1550 474 Ι
1583 437 1707 475 officina
1737 436 1829 466 Petri
1856 437 1948 467 Seilz.
1979 438 1983 476 Ι
2015 438 2107 466 Auno

345 479 389 510 M.
408 479 452 509 D.
471 478 559 510 LIX.
580 480 585 519 Ι
604 479 685 509 Ιάἰό.
704 479 805 519 April.
852 481 915 520 41}
938 479 1038 518 plagg.
1060 481 1096 509 80
1115 480 1200 514 min.‚
1225 489 1349 518 quarum
1369 481 1386 509 8
1406 479 1522 519 priores
1547 478 1657 509 litteris
1675 479 1778 509 A-H
1797 480 1951 520 signatae,
1977 481 2016 509 64
2043 479 2108 509 soll.

347 533 405 552 non
425 532 522 559 num.‚
542 521 779 554 consessionem
800 523 970 560 continent,
990 523 1049 563 235}
1070 526 1238 561 sequentes
1257 521 1367 552 litteris
1387 531 1481 557 a—z,
1500 522 1549 551 Aa
1567 522 1632 560 (sol.
1656 525 1763 560 1—3.)
1783 521 1936 561 signatae,
1964 525 2022 553 187
2044 522 2108 553 soll.

348 575 427 595 num.
448 564 629 605 Apologiam
650 576 716 595 cum
735 565 794 595 hoc
814 565 956 604 peculiari
975 565 1077 595 titulo:
1096 565 1214 604 Αμοῖο,
1239 566 1244 604 Ι
1270 566 1325 603 qia
1345 566 1349 605 Ι
1371 565 1499 602 Confess
1520 566 1523 605 Ι
1543 565 1650 594 sionis.
1673 568 1676 604 Ι
1703 564 1840 604 (Insigne
1858 569 1992 605 typogr.:
2017 564 2106 595 lonas

346 618 366 640 e
387 609 485 648 piscis
504 607 642 638 saucibus
664 609 832 648 proiectus)
854 609 858 649 Ι
879 607 1056 647 Diliyenter
1073 618 1119 637 rea
1141 609 1145 647 Ι
1165 609 1302 647 coquita-
1324 610 1328 646 Ι
1349 609 1556 646 (Asteris-cus)
1577 609 1581 649 Ι
1601 608 1692 638 Anno
1714 608 1800 638 XLI.
1847 608 1941 647 Seqq.
1966 608 2108 648 plagulae

346 652 396 681 Aa
417 651 483 690 (sol.
503 653 616 691 4-8)‚
634 650 760 686 Bb—-li,
779 652 829 681 Kk
850 651 917 687 (sol.
941 655 964 680 1.
988 652 1047 686 2.),
1067 650 1117 682 fol.
1142 652 1316 681 188—257.
1337 655 1368 681 et
1392 653 1408 680 2
1431 651 1493 681 soll.
1513 661 1571 680 non
1591 661 1671 680 num.
1698 650 1842 681 exhibent
1872 650 2109 681 Confessionem

346 694 500 724 doctrinae
530 693 746 724 Saxonicarum
772 694 978 724 Ecclesiarum
1009 704 1076 723 cum
1103 693 1161 723 hoc
1190 693 1334 733 peculiari
1365 694 1469 723 titulo:
1499 694 1644 734 Sequitur
1663 697 1667 734 Ι
1689 693 1816 731 Confes=
1836 694 1841 730 Ι
1861 696 1908 723 sio
1943 694 2110 724 doctrinae

347 737 404 766 Sa.
424 738 429 777 Ι
448 738 630 767 :canicorum
663 737 871 768 Ecclesz'arnm
897 738 900 776 Ι
927 738 1048 776 scripta
1073 746 1154 766 anno
1185 736 1314 766 Domini
1334 741 1338 775 Ι
1357 736 1402 767 M.
1427 737 1467 766 D.
1488 736 1544 766 LI.
1574 740 1605 766 vt
1633 737 1763 776 Synodo
1784 738 1788 777 Ι
1813 736 2013 766 Tridentinae
2031 738 2036 776 Ι
2057 746 2109 767 ex-

346 779 462 809 hibere=
483 781 487 820 Ι
507 783 564 809 tur.
586 782 590 820 Ι
611 781 817 819 (Asteriscus)
839 782 843 820 Ι
863 779 981 811 Psalm.
1003 779 1115 811 CXIX,
1138 783 1142 819 Ι
1164 779 1327 819 Loquelmr
1352 779 1392 808 ‹Ie
1416 781 1602 821 iestinronijs
1629 781 1692 809 tuis
1719 781 1751 809 in
1781 783 1947 819 conspectu
1966 780 1971 820 Ι
1991 779 2110 819 Reyum

348 827 378 852 et
396 832 457 852 non
480 823 702 860 confimrlebar.
738 823 907 861 Sequentia
926 826 942 853 9
964 822 1035 852 solia
1058 833 1116 852 nou
1143 833 1239 858 num.,
1258 822 1311 853 sol.
1331 824 1376 853 stt
1395 822 1528 862 iijss—-Ll
1548 826 1582 853 30
1603 824 1757 853 continent
1779 823 1893 862 scripta
1910 823 2032 852 aliarum
2052 822 2108 852 Ec-

349 865 510 895 clesiarum
529 867 576 894 sic
600 866 759 905 inscripta:
784 866 914 906 Sequere:
934 867 938 906 Ι
959 869 1007 895 tur
1036 865 1165 895 aliarum
1193 864 1253 894 Er·-
1274 867 1278 906 Ι
1305 866 1464 895 cles-iarum
1489 870 1518 895 et
1547 865 1735 905 Reyionvm,
1756 866 1761 906 Ι
1782 865 2009 905 αμρνοὸαίονὶα
2032 866 2108 895 scri-

341 911 414 948 pta,
436 909 440 949 Ι
459 907 564 948 qvibvs
586 909 692 938 eadem
723 909 851 946 Confes-
873 910 877 949 Ι
896 909 944 937 sio
969 912 999 937 et
1024 908 1216 947 approbatur
1235 910 1239 949 Ι
1259 912 1290 938 et
1319 910 1475 948 confirma:
1496 911 1500 947 Ι
1522 913 1593 944 tor„
1624 920 1749 948 quorum
1780 909 1829 938 fini
1860 908 2008 939 Clausala
2037 909 2108 938 sub-

348 952 448 981 iuncta
466 955 530 986 est;
549 950 684 981 ultimum
704 951 755 981 sol.
775 951 827 990 (Ll
848 954 880 989 4)
899 951 998 980 album
1019 955 1078 980 est.
1093 951 1126 991 ³¹³)

254 1006 339 1037 Hanc
357 1006 432 1042 Ed.‚
451 1017 529 1046 quae
548 1006 784 1037 consessionem
802 1006 853 1036 lat.
873 1016 911 1036 ex
929 1006 1071 1036 Editione
1094 1016 1120 1035 a.
1143 1008 1361 1036 1541—1542.
1385 1016 1522 1036 recusam
1548 1007 1695 1042 continet,
1720 1007 1750 1037 h.
1776 1007 1797 1037 l.
1824 1017 1889 1037 eam
1920 1008 1959 1036 ob
1983 1016 2108 1037 causam

98 1050 250 1085 recensui,
269 1060 308 1080 ne
327 1050 396 1089 quis
416 1051 570 1089 opinetur,
589 1054 708 1089 praeter
730 1050 800 1080 illas
823 1054 887 1079 tres
916 1050 985 1078 eius
1015 1048 1176 1078 Editiones
1201 1050 1238 1079 ab
1263 1052 1385 1079 auctore
1419 1051 1549 1079 variatas
1580 1050 1734 1089 prodiisse
1764 1051 1856 1080 etiam
1891 1053 2026 1091 quartam
2055 1050 2106 1080 bic

99 1102 253 1122 omissam.

252 1134 442 1174 Quamquam
465 1135 643 1165 Melanthon
663 1136 692 1164 in
711 1135 761 1164 his
780 1135 875 1164 tribus
893 1134 1087 1164 Editionibus
1106 1132 1343 1163 consessionem
1360 1134 1513 1164 Editionis
1532 1136 1676 1174 principis
1691 1136 1850 1174 permultis
1872 1135 1950 1165 locis
1969 1137 2105 1172 mutavit,

95 1181 195 1207 tamen
214 1178 273 1207 sibi
293 1179 352 1217 ipsi
372 1179 400 1207 in
420 1177 478 1207 hoc
499 1178 601 1207 studio
621 1177 765 1208 articulos
789 1178 855 1206 eius
875 1178 971 1215 magis
990 1178 1148 1215 magisque
1167 1176 1336 1215 explicandi
1357 1188 1414 1206 non
1434 1178 1596 1209 satisfecit.
1628 1178 1658 1208 ln
1679 1178 1810 1218 epistola
1829 1179 1907 1208 enim
1920 1179 1947 1208 d.
1970 1182 1995 1210 1.
2017 1178 2104 1219 Sept.

97 1222 188 1250 1547.
211 1220 250 1250 ad
273 1218 478 1250 camerarium
498 1220 567 1250 data
590 1219 694 1260 (Corp.
715 1219 769 1250 Vl.
788 1230 818 1259 p.
844 1222 931 1258 659.)
951 1221 998 1249 sic
1021 1220 1060 1249 de
1079 1219 1140 1249 illis
1160 1220 1284 1251 iudicat:
1307 1220 1538 1258 Confessionem
1556 1222 1770 1260 Auqustanam
1796 1232 1832 1251 eo
1858 1225 1888 1251 te
1914 1222 1943 1251 iu
1968 1231 2108 1261 graecam

93 1261 225 1302 linguam
249 1263 460 1293 transfundere
479 1263 616 1302 gaudeo,
637 1264 708 1302 quia
725 1273 778 1303 pro
799 1263 911 1292 uostris
932 1263 1051 1292 horride
1073 1263 1212 1301 scriptis,
1231 1263 1386 1293 habebunt
1404 1263 1534 1293 studiosi
1553 1268 1605 1294 tua
1624 1264 1675 1294 illa
1694 1264 1819 1294 nitidius
1847 1265 1974 1304 scripta,
2001 1269 2032 1294 et
2061 1265 2107 1294 le-

92 1309 166 1344 gent
183 1305 298 1345 plures.
342 1305 387 1336 Te
406 1310 505 1336 tamen
524 1307 649 1346 optarim
669 1307 772 1336 brevia
790 1305 842 1335 illa
859 1305 1008 1347 κεφάλαια
1026 1305 1214 1345 longioribus
1233 1306 1488 1345 explicationibus
1508 1317 1623 1337 ornare.
1660 1307 1759 1337 Nemo
1779 1312 1850 1337 tunc
1869 1318 1925 1337 nos
1945 1307 2108 1338 adiuvabat

92 1347 134 1378 Et
157 1352 221 1378 erat
239 1359 298 1379 non
323 1350 432 1389 exigua
456 1349 596 1379 contusio
621 1349 868 1389 disputationum.
913 1349 1002 1379 Nunc
1020 1348 1173 1388 aliquanto
1192 1349 1279 1379 aliter
1297 1360 1347 1379 res
1367 1350 1492 1380 easdem
1511 1351 1713 1389 instituerem,
1732 1355 1763 1381 et
1780 1351 1938 1381 recitarem
1957 1351 2106 1391 quaedam

91 1390 270 1431 prolixius.u

247 1434 313 1464 Has
332 1438 396 1465 tres
424 1434 593 1465 Editiones
617 1436 760 1465 variatas
783 1446 862 1465 nunc
885 1435 986 1465 denuo
1012 1435 1059 1465 sic
1084 1435 1157 1469 ed0‚
1185 1439 1219 1465 ut
1246 1439 1360 1466 textum
1384 1435 1547 1466 Editionis
1571 1447 1600 1466 a.
1630 1439 1852 1468 1535--1540.
1882 1441 2023 1477 tanquam
2048 1438 2105 1477 pri-

93 1476 205 1507 mariae
225 1476 352 1513 illarum,
371 1477 574 1508 recudendum
595 1488 710 1513 curem,
734 1482 826 1518 atque
844 1478 941 1512 locos,
962 1479 1074 1517 quibus
1099 1477 1236 1518 reliquae
1265 1479 1343 1508 duae
1367 1483 1459 1518 atque
1484 1479 1540 1510 Ed.
1568 1480 1710 1520 princeps
1735 1480 1772 1510 ab
1803 1479 1860 1510 hac
1892 1480 2047 1515 differunt,
2075 1482 2105 1511 in

93 1521 226 1559 margine
246 1521 385 1551 inferiore
408 1521 588 1551 adscribam.
623 1521 654 1551 ln
675 1521 723 1551 his
742 1522 986 1552 annotationibus
1006 1521 1183 1552 Editionem
1202 1523 1376 1561 principem
1393 1522 1464 1552 Mel.
1479 1534 1507 1552 a.
1524 1525 1623 1554 1531..
1640 1526 1685 1554 4⁰.
1703 1524 1833 1562 signabo
1846 1522 1908 1553 Ed.
1925 1527 1960 1564 ].,
1979 1523 2105 1554 Editio-

93 1571 160 1592 nem
179 1573 207 1593 α.
230 1565 321 1594 1531.
342 1567 385 1595 8⁰.
405 1566 549 1604 (primam
567 1566 751 1603 van'atam).·
769 1565 833 1595 Ed.
855 1567 898 1601 2.;
922 1564 1104 1594 Editiouem
1123 1575 1151 1594 α.
1178 1568 1398 1596 1535-1540,
1418 1568 1464 1597 4⁰.
1485 1566 1664 1605 (secundam
1676 1568 1859 1606 variatam):
1879 1566 1943 1598 Ed.
1964 1570 2003 1603 3.‚
2027 1566 2105 1597 Edi-

93 1606 207 1635 tionem
225 1616 255 1635 a.
277 1609 499 1637 1541—15-12.
519 1609 564 1637 8⁰.
589 1609 726 1646 (tertiam
750 1609 932 1646 variatam:
954 1607 1015 1637 Ed.
1036 1610 1065 1638 4.
1567 1609 1572 1615 ’

249 1647 416 1688 Praefatio
435 1650 479 1679 ad
497 1650 628 1680 lectores
651 1652 679 1680 in
698 1650 792 1682 Editt.
813 1652 906 1680 2—4.
930 1652 968 1681 ab
988 1650 1046 1681 Ed.
1077 1653 1103 1681 1.
1129 1654 1242 1681 tantum
1266 1661 1303 1680 eo
1335 1650 1448 1689 differt,
1473 1652 1555 1691 quod
1579 1653 1608 1682 in
1633 1653 1700 1682 eius
1726 1653 1872 1693 principio
1897 1654 2004 1683 verba:
2034 1656 2106 1684 ante

94 1690 174 1721 duos
191 1700 309 1722 menses
330 1697 443 1723 mutata
462 1697 534 1723 sant
552 1695 596 1722 in:
617 1698 688 1724 ante
709 1697 862 1724 semestre.
907 1693 991 1723 Haec
1010 1695 1106 1729 enim,
1128 1695 1186 1724 etsi
1206 1694 1244 1724 ad
1262 1694 1360 1724 solam
1379 1695 1439 1725 Ed.
1458 1697 1485 1725 2.
1506 1696 1667 1735 quadrant,
1692 1699 1792 1726 tamen
1812 1697 1902 1727 etiam
1929 1697 1958 1727 in
1985 1697 2103 1727 seriori-

93 1734 153 1765 bus
172 1733 264 1765 Editt.
285 1738 312 1766 3.
334 1739 362 1766 4.
383 1737 511 1776 repetita
532 1740 612 1766 sunt.

727 1784 772 1843 C
815 1785 867 1842 Ο
908 1784 966 1842 Ν
1006 1785 1057 1842 F
1104 1785 1157 1843 E
1200 1785 1238 1843 S
1281 1784 1319 1843 S
1356 1786 1387 1844 I
1430 1786 1483 1843 O

730 1868 878 1908 FID
910 1868 991 1908 EI
1045 1869 1472 1914 EXHIBITA

724 1940 1171 1973 1NV1CTISS.1MP.
1209 1942 1470 1974 CAROLO

756 2005 806 2045 V.
841 2005 1002 2046 Caesari
1035 2007 1143 2061 Aug.
1175 2007 1216 2047 in
1249 2006 1438 2062 Comicijs

959 2080 1239 2111 AVGVSTAE.

841 2140 1020 2171 ANNO.
1056 2141 1099 2170 Μ.
1140 2140 1180 2172 D.
1216 2141 1351 2172 XXX.

514 2203 561 2234 Ex
580 2206 704 2235 variata
722 2205 865 2236 Editione
884 2206 1154 2245 Wittembergensi
1174 2216 1201 2235 a.
1226 2208 1315 2236 1540.
1337 2208 1374 2235 40
1396 2205 1468 2245 (Ed.
1491 2209 1534 2245 3.)
1552 2217 1670 2242 recusa,

537 2264 568 2290 et
587 2270 652 2290 cum
671 2260 814 2292 Editione
832 2261 906 2291 Mel.
926 2263 1057 2301 princip«²
1077 2272 1103 2291 a.
1132 2264 1222 2292 1531.
1243 2264 1280 2291 4⁰
1297 2262 1367 2301 (Ed.
1392 2265 1448 2301 1.),
1468 2273 1503 2292 ac
1522 2264 1654 2292 variatis

657 2316 852 2347 Editionibus
875 2317 1203 2357 Wittembergensibus
1221 2328 1364 2348 annorum
1388 2321 1477 2349 1531.
1499 2321 1535 2349 80

709 2372 780 2411 (Ed.
801 2374 846 2414 2.)
866 2378 896 2403 et
919 2375 1135 2404 1541—1542.
1156 2376 1192 2404 8⁰
1211 2374 1282 2413 (Ed.
1304 2377 1348 2412 4.)
1367 2374 1486 2406 collata.

638 2452 887 2485 PRAEFATH)
908 2453 972 2486 AD
993 2454 1234 2487 CAESAREM
1258 2455 1478 2488 CAROLVM
1503 2455 1543 2487 V.

247 2518 344 2557 (Haec
362 2518 514 2550 Praefatio
534 2520 562 2550 h.
582 2520 601 2551 1.
620 2523 863 2561 praetermittitur
881 2533 947 2552 eam
967 2525 1005 2553 ob
1030 2534 1164 2560 causam,
1183 2525 1264 2564 quod
1284 2535 1350 2555 cum
1370 2525 1436 2560 illa,
1462 2535 1540 2564 quae
1565 2534 1658 2564 supra
1681 2535 1710 2565 p.
1732 2526 1909 2555 263-272.
1935 2535 1972 2555 ex
1990 2524 2048 2555 Ed.
2071 2529 2098 2554 1.

200 2614 227 2648 ⁸)
245 2616 313 2642 Haec
331 2616 389 2645 Ed.‚
407 2621 472 2647 qnae
491 2616 552 2641 item
572 2616 596 2641 in
615 2617 679 2643 meis
698 2617 769 2643 libris
789 2620 837 2648 est,
855 2618 1061 2644 Feuerlinum
1089 2619 1161 2649 rugit.
1191 2621 1209 2645 Α
1228 2620 1365 2646 webero
1385 2621 1401 2646 1.
1421 2621 1437 2647 1.
1459 2620 1485 2646 Η.
1507 2626 1529 2651 ρ.
1553 2620 1607 2645 113.
1626 2626 1666 2646 nr.
1687 2620 1709 2645 2.
1729 2622 1796 2646 recte
1817 2621 1886 2646 inter
1904 2626 1949 2647 eas
1967 2620 2098 2646 Editiones

247 2653 407 2681 recensetur,
425 2650 450 2676 tn
468 2651 560 2681 quibus
579 2650 670 2677 Editio
694 2652 942 2683 Wtstemberqensis
959 2660 985 2679 α.
1008 2654 1186 2678 1511-1542.
1206 2655 1316 2686 repetita
1335 2658 1383 2681 est.
