2324 2944
202 169 266 201 227
656 169 766 202 PHIL.
788 168 893 202 MEL.
918 167 1104 201 SCRIPTA
1126 166 1394 200 DOGMATlCA
1414 167 1470 199 ΕΤ
1491 165 1764 200 SYMBOLICA.
2150 167 2216 201 228

454 264 677 298 discussiones,
702 263 743 294 lo.
769 264 975 294 Hoffmeisteri
995 264 1033 292 de
1056 263 1094 292 iis
1118 262 1237 292 iudicia.
1262 261 1294 291 ln
1317 261 1454 301 plurimis
1468 262 1613 292 Articulis
1637 266 1708 301 post
1726 261 1817 290 verba
1840 271 1878 291 ex
1890 260 2056 301 prototypo
2075 262 2216 293 desumta

454 308 587 346 proxime
621 307 782 337 afferuntur
814 309 905 337 verba
939 305 1155 335 consessionis
1189 315 1266 334 anno
1304 307 1395 335 1540.
1418 307 1557 335 variatae.
1587 303 1618 334 ln
1642 305 1775 344 margine
1799 303 1911 334 multae
1941 306 2152 335 annotationes
2174 305 2216 336 le-

457 354 586 389 guntur.)
597 351 630 388 ¹⁸)

359 416 508 448 Eiusdem
532 418 599 448 libri
623 417 736 447 Editio
759 417 894 447 secunda
918 415 1111 455 locupletior.
1159 415 1310 446 Coloniae
1332 419 1422 447 1587.
1467 415 1597 454 F01.*·)

361 461 540 491 catholicus
560 466 662 491 auctor
687 462 775 490 huius
800 461 878 493 libri,
903 470 992 498 quem
1017 460 1129 488 ironice
1148 459 1351 489 Harmoniam
1364 460 1568 498 Artqttstanae
1582 459 1796 496 Censes-rionis
1807 459 1872 497 “')
1895 459 2062 499 inscripsit,
2091 460 2120 489 in
2133 469 2216 499 prae·

206 505 368 534 monitione
397 505 432 534 ad
459 505 654 534 christianum
682 504 841 541 lectorem,
874 503 1031 541 proposito
1061 501 1186 540 iudicio,
1222 500 1457 532 Confessionem
1482 504 1691 541 Augustanam
1723 512 1781 530 non
1811 507 1869 531 tam
1896 500 2053 541 Deifqui
2078 504 2163 542 pacis
2187 507 2218 534 et

206 549 330 577 unitatis
355 552 458 577 auctor
480 549 530 582 sit.
554 547 719 576 voluntate.
745 556 832 585 quam
858 545 980 575 diaboli.
1007 546 1056 584 qui
1081 545 1287 575 dissensionis
1312 549 1342 575 et
1368 545 1516 575 mendacii
1540 556 1649 585 parens
1672 545 1723 579 sit,
1743 544 1928 584 malignitate
1959 545 1987 574 in
2021 545 2121 575 lucem
2152 556 2218 586 pro-

206 591 314 623 diisse,
339 591 484 630 deinceps
503 591 661 620 consilium
682 600 781 622 suum,
806 589 886 627 quod
911 589 938 617 in
960 588 1017 617 hoc.
1041 588 1116 617 libro
1140 593 1324 628 persecutus
1349 592 1407 623 est,
1426 589 1472 617 sic
1496 598 1625 619 enarrat:
1653 588 1748 617 „Nam
1769 593 1800 617 ut
1820 588 2053 618 ostenderemus
2077 599 2142 629 eos,
2166 590 2218 628 qui

207 633 442 664 Confessionem
466 633 545 663 iliam
566 634 749 672 profitentur,
774 631 916 661 doctrinis
940 632 1031 660 variis
1055 632 1175 666 abduci,
1195 633 1289 671 primo
1308 631 1376 661 loco
1401 629 1635 662 contessionem
1659 633 1767 671 ipsam,
1788 642 1844 661 non
1869 631 2044 666 mutilatam,
2065 642 2122 661 non
2141 642 2218 661 arro-

206 687 284 710 sam.
307 688 363 706 non
384 677 596 716 interpolatam,
621 676 676 705 sed
701 676 855 713 integram,
879 675 936 704 sed
959 675 997 704 de
1021 676 1112 704 verbo
1132 675 1169 704 ad
1194 675 1325 712 verbum,
1345 684 1382 704 ex
1403 678 1574 714 prototypo,
1600 675 1681 714 quod
1704 673 1815 704 carolo
1834 674 1874 704 V.
1900 673 2028 704 Caesari
2058 675 2114 705 fnit
2138 675 2218 705 obla-

206 725 280 753 tum,
305 720 485 759 descriptam
511 719 705 748 collocamus.
754 717 873 747 Deinde
896 719 1058 747 varietates
1090 719 1118 747 in
1146 719 1211 757 ipso
1242 717 1294 747 illo
1320 717 1567 757 Evangelicomm
1598 718 1791 747 fundamento
1815 719 1852 747 ab
1876 728 1954 747 anno
1981 720 2084 753 1530„
2109 719 2146 748 ad
2169 728 2219 748 an·

207 774 277 793 num
303 766 391 793 1510.
417 773 469 801 per
492 763 578 800 ipsos
603 760 820 791 Confessionis
839 764 962 790 autores
987 762 1175 799 excogitatas
1196 761 1396 791 ostendimus.
1441 760 1507 790 Nec
1531 765 1630 791 tamen
1654 761 1704 790 hic
1728 761 1898 791 aeditiones
1922 771 2039 796 omnes,
2065 771 2144 801 quae
2167 762 2220 791 de-

207 807 313 836 cennio
333 805 384 834 illo
409 807 436 834 in
461 811 570 843 vulgus
593 809 664 833 sunt
688 814 825 843 sparsae,
849 805 1067 838 examinamus,
1092 804 1149 833 sed
1174 805 1318 834 duntaxat
1341 803 1421 838 illas,
1447 814 1525 843 quae
1549 809 1630 834 certo
1655 815 1691 834 ex
1716 805 1783 844 ipsa
1804 803 1938 844 Pap-atus
1952 803 2095 834 Saxonici
2120 804 2220 834 cathe-

208 850 270 880 dra.
294 849 520 888 procurantibus
545 849 622 887 ipsis
646 847 784 877 factionis
809 848 961 886 magistris
985 847 1168 886 prodierant.
1215 846 1345 877 Primum
1370 848 1449 877 enim
1478 848 1560 887 typis
1583 847 1723 877 mandata
1752 852 1798 877 est
1824 846 1990 877 Confessio
2016 848 2088 878 citra
2111 858 2219 878 nomen

207 891 397 932 typographi,
422 895 471 920 aut
497 891 554 920 loci
575 892 602 920 in
623 901 682 930 quo
706 891 761 920 fuit
779 901 918 930 procusa,
939 890 996 919 sed
1021 891 1089 930 quia
1108 890 1325 920 Melanchthon
1350 894 1380 920 et
1403 890 1453 920 alii
1478 890 1552 920 illud
1577 890 1730 930 exemplar
1753 895 1892 929 tanquam
1917 892 2051 921 vitiatum
2077 891 2221 929 (viderint

209 945 267 974 qua
287 934 389 963 fraude
410 934 466 963 hoc
491 934 614 970 faciant)
638 933 876 973 reprehendunt,
909 933 965 963 hoc
990 944 1106 973 urgere,
1130 935 1312 964 mutationes
1337 934 1376 963 ibi
1401 933 1496 963 factas
1521 938 1663 963 annotare
1682 944 1739 963 non
1760 934 1958 964 decrevimus.
2005 933 2104 964 Aliam
2129 935 2220 964 etiam

208 979 368 1007 editionem
393 978 459 1006 anni
484 980 572 1007 1535.
598 987 675 1016 qnae
696 977 859 1016 Haganoae
882 977 1008 1016 prodiit,
1032 977 1178 1013 vidimus,
1208 977 1265 1007 sed
1289 987 1345 1006 nec
1364 976 1445 1006 illam
1469 976 1681 1016 producimus,
1713 987 1750 1006 ne
1773 976 1850 1007 forte
1869 977 2155 1017 pseudoprophetae
2179 977 2218 1007 ad

207 1031 243 1051 se
257 1032 314 1050 non
339 1022 487 1060 pertinere
510 1021 618 1054 dicant,
643 1030 720 1059 quae
740 1020 809 1049 aliis
833 1020 910 1050 locis
922 1024 993 1050 sunt
1008 1021 1181 1050 commissa.
1234 1020 1337 1056 Quare
1361 1020 1506 1050 duntaxat
1523 1019 1594 1049 illos
1618 1029 1795 1049 revocamus
1818 1020 1856 1050 ad
1869 1031 1905 1050 ea
1924 1020 2115 1060 exemplaria,
2141 1030 2219 1060 quae

207 1075 244 1094 ex
264 1064 384 1093 officina
407 1063 529 1103 Georgii
550 1063 638 1093 Rhau
661 1064 892 1103 lvittenbergae
916 1064 943 1093 in
968 1063 1067 1093 lucem
1088 1063 1272 1103 prodierunt,
1295 1074 1313 1093 a
1336 1067 1470 1103 tempore
1495 1063 1681 1093 comitiorum
1701 1063 1942 1102 Augustensium
1969 1065 2036 1093 anni
2060 1064 2217 1103 trigesimi,

207 1118 306 1146 usque
330 1107 368 1136 ad
387 1108 507 1137 comitia
531 1107 772 1146 Ratisponentia.
796 1117 873 1136 anno
898 1107 1130 1145 quadragesimo
1150 1106 1298 1137 inchoata.
1345 1105 1415 1135 Tria
1439 1111 1537 1135 autem
1562 1106 1712 1136 eiusmodi
1739 1106 1776 1135 ad
1800 1115 1907 1136 manus
1931 1110 2052 1136 nostras
2075 1117 2219 1146 pervene-

206 1155 283 1185 runt,
307 1160 363 1179 nec
385 1154 485 1179 tamen
509 1150 601 1179 ullum
627 1154 692 1185 est,
725 1149 806 1184 uuod
829 1160 894 1179 cum
919 1149 1012 1179 altero
1037 1150 1210 1184 conveniat,
1234 1150 1292 1179 sed
1316 1159 1481 1189 progressu
1506 1150 1572 1189 ipso
1597 1159 1719 1188 semper
1736 1153 1941 1188 accreverunt,
1964 1159 2061 1179 novae
2084 1149 2219 1185 fraudes,

206 1193 283 1223 adeo
303 1193 423 1232 quidem
448 1199 479 1223 ut
502 1193 578 1223 illud
601 1193 682 1232 quod
705 1196 839 1233 tempore
863 1193 1049 1222 comitiorum
1073 1193 1336 1232 Ratisponentium
1361 1197 1410 1222 est
1434 1203 1589 1227 excusum,
1614 1193 1662 1221 vix
1686 1193 1714 1221 in
1739 1203 1798 1222 uno
1821 1193 1947 1222 articulo
1970 1203 2037 1222 cum
2057 1197 2218 1232 prototypo

207 1235 334 1266 Caesari
359 1236 460 1266 oblato
484 1237 655 1270 concordet,
680 1247 778 1275 eoque
803 1236 884 1265 illam
907 1236 1091 1268 aeditionem
1116 1236 1215 1265 eidem
1259 1240 1420 1276 prototypo
1445 1236 1634 1265 subiecimus
1659 1236 1812 1274 integram.
1860 1236 1907 1266 Ex
1929 1235 1999 1266 aliis
2023 1241 2123 1266 autem
2148 1236 2219 1266 duo-

205 1281 264 1310 bus
283 1280 517 1319 exemplaribus,
541 1289 619 1318 quae
642 1290 719 1309 anno
743 1280 876 1318 proximo
900 1284 970 1318 post
993 1277 1113 1309 comitia
1135 1280 1316 1318 Augustana
1338 1283 1410 1309 sunt
1433 1278 1583 1318 evulgata,
1608 1279 1751 1308 duntaxat
1773 1279 1812 1308 ad
1835 1278 1888 1308 illa
1917 1280 1944 1308 in
1974 1279 2106 1318 margine
2130 1289 2220 1309 anno-

205 1324 347 1355 tavimus,
372 1333 449 1362 quae
473 1333 490 1352 a
514 1321 719 1352 Confessione
743 1321 870 1354 Caesari
895 1322 996 1352 oblata
1024 1323 1184 1352 dissident.
1230 1321 1378 1352 Caeteras
1411 1326 1512 1351 autem
1542 1323 1705 1351 varietates
1737 1323 1766 1351 in
1797 1321 2020 1361 exemplaribus
2049 1321 2164 1352 Latinis
2189 1326 2221 1352 et

207 1365 397 1396 Germanicis
420 1366 457 1395 ab
482 1368 666 1396 anu01540.
691 1366 728 1395 ad
752 1365 809 1395 hoc
832 1375 932 1404 usque
955 1370 1076 1405 tempus
1100 1369 1216 1400 enatas,
1241 1366 1268 1394 si
1293 1366 1436 1405 persequi
1450 1364 1669 1399 voluissemus,
1694 1365 1763 1404 quis
1787 1365 1906 1394 tandem
1931 1365 2043 1394 fuisset
2066 1365 2221 1395 scribendi

206 1409 338 1440 modus?
361 1428 402 1433 —
427 1427 466 1432 -—
480 1408 523 1439 Ut
544 1413 642 1439 tamen
666 1409 856 1438 Harmoniam
882 1408 962 1438 illam
986 1408 1033 1445 δὶς
1055 1408 1108 1441 διὰ
1127 1409 1234 1439 πασῶν
1253 1413 1411 1438 sonantem
1430 1408 1568 1437 rudiores
1588 1408 1678 1437 citius
1702 1409 1864 1437 observare
1886 1412 2026 1448 possent,
2048 1408 2221 1438 addidimus

206 1453 235 1482 in
258 1452 398 1492 singulos
423 1452 567 1482 articulos
595 1455 716 1482 nostras
741 1452 1036 1486 animadversiones,
1067 1455 1097 1481 et
1121 1451 1197 1481 haec
1221 1451 1342 1490 quidem
1373 1451 1410 1480 ad
1435 1451 1588 1480 doctrinae
1612 1452 1787 1481 varietatem
1809 1451 2080 1481 demonstrandam.
2128 1450 2221 1481 Porro

207 1514 248 1518 —
273 1515 310 1518 —
336 1495 517 1525 contulimus
541 1497 629 1525 etiarn
654 1497 682 1524 in
703 1495 760 1524 hoc
783 1495 934 1527 volumen.
959 1493 1060 1524 Caroli
1084 1494 1123 1524 V.
1148 1493 1349 1534 imperatoris,
1375 1498 1404 1524 et
1429 1494 1655 1524 Catholicorum
1687 1493 1862 1534 Principum‘
1888 1495 2065 1534 rescriptum
2097 1494 2220 1524 factioni

206 1538 332 1569 Lutheri
355 1539 393 1568 ad
425 1539 635 1569 refutationem
659 1537 874 1568 Confessionis
903 1539 1101 1578 propositum,
1124 1555 1167 1560 —
1190 1557 1229 1561 —
1260 1539 1454 1567 subiecimus
1489 1542 1644 1577 praeterea
1667 1537 1766 1567 eidem
1797 1537 2023 1567 Catholicorum
2054 1539 2220 1578 principum
2243 1562 2248 1566 .

207 1583 320 1621 scripto
350 1601 386 1605 —
412 1581 532 1612 loannis
556 1582 747 1611 Daventriani
777 1581 1003 1616 refutationem,
1036 1579 1155 1611 loannis
1167 1579 1325 1611 ‘Cochlaei
1351 1581 1595 1616 discussionem,
1619 1579 1739 1611 loannis
1764 1581 1971 1611 Hoffmeisteri
1994 1581 2155 1617 iudicium,
2190 1584 2221 1611 et

207 1625 358 1665 Alphousi
381 1625 516 1655 Virvesii
536 1625 733 1665 Philippicas.
757 1643 797 1646 —
822 1638 881 1648 -ιι

363 1669 409 1699 Ex
440 1668 488 1698 his
522 1669 616 1698 lector
639 1669 770 1698 auctoris
790 1667 948 1697 consilium
979 1671 1144 1707 cognoscet
1167 1672 1258 1706 atque
1293 1668 1453 1702 rationem,
1489 1678 1549 1706 qua
1577 1667 1652 1697 haec
1675 1667 1776 1697 Editio
1807 1667 1946 1697 instituta
1973 1669 2023 1697 sit.
2069 1667 2119 1697 De
2153 1667 2222 1707 ipsa

208 1716 306 1741 autem
332 1710 549 1747 confessione,
576 1712 675 1751 qualis
700 1713 727 1740 in
753 1711 809 1741 hoc
828 1711 905 1740 libro
930 1711 1098 1745 exhibetur,
1123 1712 1251 1740 virorum
1276 1710 1430 1741 doctorum
1454 1711 1566 1740 iudicia
1589 1711 1676 1740 valde
1700 1711 1883 1749 discrepant.

364 1754 493 1785 Primum
519 1756 680 1794 quaeritur,
705 1755 784 1784 unde
805 1755 1007 1784 Fabricius
1024 1758 1220 1794 prototypon
1235 1777 1243 1792 ,
1273 1755 1353 1793 quod
1377 1755 1405 1784 in
1429 1754 1487 1784 hoc
1511 1753 1586 1783 libro
1611 1754 1648 1783 de
1672 1755 1764 1783 verbo
1788 1753 1826 1783 ad
1849 1753 1970 1783 verbum
1994 1753 2132 1783 edidisse
2152 1763 2223 1783 con·

207 1798 314 1833 tendit,
340 1799 539 1828 ‹lesnmseritz
561 1800 628 1837 ipse
652 1799 729 1827 enim
751 1798 823 1827 nihil
849 1798 886 1826 de
911 1798 966 1827 ha(-
990 1809 1020 1827 re
1045 1799 1163 1827 maximi
1188 1798 1329 1827 momenti
1353 1797 1452 1827 refert.
1498 1797 1733 1826 Feuerlinus
1753 1797 1772 1826 l.
1797 1796 1817 1827 l.
1844 1795 1862 1827 l.
1887 1807 1916 1836 p.
1942 1799 2007 1825 125.
2034 1802 2134 1835 putat.
2164 1795 2223 1826 hoc

207 1846 389 1881 prototypon
415 1842 557 1871 fortassis
580 1842 772 1881 apographon
794 1842 892 1870 fuisse
912 1843 939 1870 in
965 1841 1106 1871 Comitiis
1130 1842 1321 1879 Augustanis
1345 1842 1490 1880 scriptum
1515 1846 1544 1870 et
1564 1842 1592 1870 in
1618 1841 1749 1870 Archivo
1763 1840 1908 1869 Bai-arico
1931 1844 2132 1869 asservatum.
2162 1838 2222 1869 lam

209 1895 301 1924 supra
325 1895 353 1924 p.
371 1887 427 1915 ⁵217
443 1896 490 1924 sq.
510 1886 537 1914 in
563 1884 709 1915 Codicum
731 1884 956 1923 Wircebaryici
974 1889 1003 1914 et
1018 1884 1256 1914 Ratt'sbonensIs
1279 1885 1458 1914 recensione
1483 1888 1677 1913 memoratum
1702 1888 1760 1916 est,
1784 1884 1888 1913 mirum
1913 1883 2034 1922 reperiri
2059 1884 2135 1912 inter
2165 1882 2222 1911 hos

209 1932 240 1957 et
262 1928 434 1958 Editionem
460 1928 664 1958 Fabricianam
689 1938 890 1958 consensum:
915 1932 1095 1967 quapropter
1119 1928 1269 1967 suspicari
1290 1927 1375 1963 licet,
1398 1938 1488 1957 unum
1514 1927 1618 1957 horum
1632 1926 1778 1956 Codicum
1798 1926 1845 1955 vel
1869 1925 2000 1955 similent
2025 1925 2099 1955 illud
2124 1926 2224 1955 fuisse

208 1975 399 2011 prototypon.
446 1976 638 2011 Quantopere
664 1971 739 2001 haec
761 1971 862 2001 Editio
886 1972 1061 2010 praesertim
1085 1972 1113 2001 in
1134 1972 1337 2010 praefatione
1360 1982 1378 2000 a
1400 1970 1568 2000 codicibus
1593 1970 1761 2000 Onoldino.
1786 1969 2033 2007 Norimhergensi
2059 1974 2088 1998 et
2112 1969 2224 1997 u'ima-

209 2015 301 2044 riensi
326 2019 417 2054 atque
437 2016 474 2044 ab
499 2015 556 2046 Ed.
576 2019 599 2044 1.
623 2014 829 2044 Melanthonis
853 2015 978 2046 differat.
999 2015 1189 2045 woherus
1214 2015 1233 2044 l.
1257 2014 1277 2044 l.
1293 2013 1312 2043 l.
1326 2025 1355 2054 p.
1375 2016 1551 2044 101—103.
1576 2014 1792 2043 demonstravit
1810 2013 1901 2041 variis
1926 2012 2109 2041 lectionibus
2133 2011 2224 2041 huius

209 2058 406 2098 praefationis
430 2069 465 2087 ex
491 2058 546 2087 Ed.
572 2058 701 2091 Fabric..
733 2058 790 2089 Ed.
819 2061 844 2087 1.
872 2058 1017 2088 Melanth.
1042 2063 1072 2088 et
1095 2057 1172 2087 Cod.
1196 2059 1320 2087 NVimar.
1346 2057 1486 2087 collectis
1512 2061 1539 2086 et
1563 2057 1644 2086 iuxta
1672 2067 1746 2085 sese
1770 2056 1888 2095 positis.
1936 2055 1980 2085 Ex
2005 2056 2117 2094 ‹piilms
2141 2065 2225 2094 argu-

209 2106 368 2136 mentatur,
392 2101 609 2131 Fabricium
635 2113 692 2131 non
716 2101 921 2130 confessionis
948 2102 1069 2131 formam
1095 2103 1254 2139 integram.
1287 2101 1344 2131 sed
1369 2099 1574 2130 intermediam
1606 2101 1688 2139 typis
1717 2099 1933 2138 exscripsisse.
1982 2099 2037 2128 llis
2067 2099 2160 2127 u'eb
2172 2098 2224 2127 eri

210 2145 396 2183 argumentis
422 2144 641 2174 Bertramus
666 2146 694 2174 in
719 2145 736 2174 l.
763 2147 885 2180 *Beatum
911 2157 929 2181 ἦ.
955 2146 1028 2175 (stit.
1055 2147 1144 2181 &Sit-ictu
1166 2149 1191 2176 h.
1213 2147 1248 2175 ¹11.
1269 2145 1302 2176 G.
1323 2155 1350 2184 p.
1367 2146 1492 2173 8-10-
1517 2148 1644 2182 quatuor
1672 2143 1730 2171 alin
1759 2143 1838 2172 baud
1867 2143 2040 2182 spernenda
2070 2143 2224 2182 opposuit,

210 2189 322 2227 quibus
345 2188 471 2227 probare
494 2188 597 2218 studet
627 2190 655 2217 in
681 2188 823 2218 Editione
848 2188 1025 2217 Fabi-ieiuna
1056 2189 1179 2218 formam
1211 2189 1354 2227 integram
1379 2198 1413 2216 ac
1443 2187 1604 2226 genuinam
1631 2185 1849 2215 consessionis
1880 2186 2036 2215 contineri.
2051 2188 2084 2224 †)
2149 2185 2226 2214 lluic

322 2359 347 2389 ’)
366 2360 433 2385 Haec
452 2360 494 2386 Ed.
515 2366 620 2391 perrara
641 2360 664 2385 in
686 2361 749 2385 mets
768 2361 838 2386 tibris
858 2364 906 2387 est.
928 2374 957 2378 —
979 2362 1135 2387 accensetur
1154 2367 1167 2386 a
1188 2361 1364 2387 seuerttno
1384 2361 1398 2385 Ι.
1418 2360 1434 2385 1.
1453 2359 1473 2385 1.
1492 2366 1514 2390 ιι.
1535 2361 1587 2385 121.
1607 2365 1644 2385 nr.
1664 2359 1719 2385 721.
1740 2359 1782 2386 Est.
1802 2360 1826 2385 2.

305 2402 345 2431 ⁶⁸)
365 2404 432 2428 nnec
449 2405 529 2429 atter-1
551 2404 592 2430 Ed.
612 2408 764 2429 recensetur
782 2410 797 2429 a
817 2405 992 2430 Feucrtino
1012 2405 1026 2429 Ι.
1049 2405 1064 2429 1.
1085 2405 1100 2430 Ι.
1120 2411 1143 2435 p.
1163 2406 1216 2430 125.
1235 2410 1272 2429 nr.
1292 2405 1349 2429 722.
1369 2405 1402 2429 De
1421 2406 1529 2435 utraque
1550 2403 1591 2429 Μ.
1612 2403 1678 2429 rous.
1700 2404 1854 2428 xva-berun
1874 2403 1890 2429 Ι.
1911 2403 1926 2428 t.
1946 2402 1963 2428 1.
1983 2408 2006 2433 p.
2027 2402 2066 2426 7⁰.
2087 2404 2145 2426 nota
2163 2401 2187 2432 l.

300 2445 352 2475 ···)
371 2446 439 2471 nnnc
457 2447 647 2477 suscriptionem
667 2448 804 2473 tronlcnm
823 2455 891 2474 esse,
911 2454 958 2471 mm
981 2448 1171 2472 uerti-amus
1192 2449 1215 2472 tn
1235 2448 1250 2474 1,
1272 2446 1383 2477 =”eutr-191
1405 2454 1445 2476 tur
1465 2445 1528 2470 (trit.
1551 2445 1633 2474 metm.
1656 2448 1677 2470 r.
1699 2446 1728 2469 ³21.
1747 2444 1775 2469 tS.
1797 2452 1820 2476 p.
1842 2447 1864 2472 7.
1884 2449 1908 2470 et
1929 2445 2122 2471 Feuertinus
2143 2445 2157 2469 Ι.
2177 2445 2192 2469 1.
2212 2444 2228 2469 1.

368 2488 390 2511 r.
408 2483 460 2506 123
480 2482 521 2507 Eri.
543 2484 565 2506 ¹2.
587 2486 752 2508 motuicrunt:
773 2489 830 2507 nam
853 2482 935 2506 Editor
954 2488 1003 2506 non
1023 2483 1207 2510 harumm'am.
1227 2482 1273 2507 «ed
1294 2483 1376 2513 potius
1395 2481 1618 2507 ‹usbar-moniam
1637 2481 1776 2505 munden·
1795 2484 1910 2506 conatur.
1930 2480 1953 2505 id
1973 2479 2039 2511 quoti
2060 2485 2091 2505 ex
2111 2485 2229 2510 praemo-

369 2518 468 2540 nitionis
490 2517 573 2541 verbi<
593 2518 658 2542 itin-o
677 2517 818 2542 affers-nun
838 2518 900 2541 satta
919 2517 1010 2542 clucet.

322 2559 351 2589 ἢ)
371 2559 438 2583 mom
459 2560 550 2584 tuttirnt
571 2561 758 2590 t'hytraeue.
777 2561 818 2591 qu.
838 2561 861 2585 tn
883 2561 1008 2585 [lislarm
1026 2563 1065 2584 ter
1085 2559 1176 2589 fluqttt.
1197 2558 1272 2586 (ient.
1293 2559 1335 2586 Ed.
1351 2560 1370 2585 1.
1391 2557 1503 2590 (tn-‚aua
1517 2559 1590 2583 15³6.
1610 2559 1651 2585 ⁴⁰)
1672 2557 1774 2585 surm«
1787 2559 1815 2582 2·
1829 2559 1892 2583 tinec
1903 2557 2000 2583 refert:
2021 2555 2103 2586 ..⁸8³st
2124 2554 2226 2586 tarn-nn

371 2593 416 2623 hab
438 2593 468 2617 td!
485 2594 608 2622 tittrtbitu
629 2597 668 2619 ber
688 2593 851 2622 wirnt-nebu
872 2595 1055 2625 confulatum
1075 2593 1181 2623 «territat
1201 2594 1332 2625 actitabat,
1351 2594 1394 2618 mit
1415 2591 1442 2621 ῆι
1461 2600 1509 2618 een
1531 2595 1607 2617 riutut
1629 2593 1782 2621 Ἣὰιστιίὼω
1799 2591 1876 2621 wath.
1897 2591 1922 2621 ie
1942 2590 1982 2619 fid>
2002 2590 2125 2616 unitum
2141 2590 2228 2618 tiabit«

369 2629 430 2652 ‹tum
456 2632 558 2657 ntttutt,
584 2630 607 2652 1η
634 2631 709 2654 cinon
735 2628 802 2654 OEudi
828 2631 870 2653 teo
890 2627 955 2653 ‘Iud
981 2628 1005 2653 ut
1028 2630 1180 2654 Harmonia
1205 2629 1395 2660 ‘'onsentonls
1418 2631 1595 2658 ,transumat-
1613 2631 1662 2654 0⁶11·v
1684 2628 1762 2659 ,teitu
1788 2627 1826 2659 ot,
1853 2628 1877 2652 1η
1897 2626 2004 2654 melchon
2029 2625 2086 2650 αιιᾰ·
2109 2628 2152 2649 rae
2172 2622 2229 2651 erite

371 2661 512 2688 Pucinum
533 2662 664 2689 ‹trernvmr
680 2665 720 2688 ter
741 2663 898 2693 (Sottfttcten,
920 2664 962 2687 inte
983 2667 1007 2688 te
1034 2671 1059 2693 pt
1080 2664 1210 2695 x'ttiqt'vntq
1230 2671 1296 2688 αιιιιι·
1320 2663 1549 2694 1⁶:10.ebcroebni,
1568 2669 1618 2688 een
1638 2664 1681 2687 ten
1703 2661 1817 2689 vatatam
1839 2662 1902 2691 [tito
1922 2662 1946 2685 in
1965 2659 2033 2686 trud
2053 2660 2154 2693 graden
2176 2657 2228 2684 m.-
