2324 2944
205 143 269 177 391
654 129 771 176 'Pfflla
794 143 897 176 MEL.
921 142 1111 177 SCRIPTA
1131 139 1405 175 DOGMATICA
1425 140 1484 173 ET
1505 140 1778 174 SYMBOLlCA.
2164 142 2231 176 392

207 238 308 271 moda
332 237 447 271 volunt
471 239 582 271 caueri
607 239 762 271 Christus
785 245 818 271 et
839 236 1009 281 Apostoli.
1044 236 1192 278 Ideoque
1242 234 1467 276 opinionibus,
1485 233 1552 267 hoc
1575 241 1639 274 est,
1657 245 1700 267 ne
1721 235 1909 268 iudicentur
1931 246 2009 268 esse
2027 235 2149 276 cultus,
2171 244 2230 271 aut

209 282 310 314 toties
332 288 398 314 tam
422 280 639 314 vehementer
661 283 826 314 aduersus
840 281 1035 313 traditiones
1059 279 1193 311 concio·
1241 287 1298 309 res
1321 277 1553 316 necessariae,
1577 283 1614 310 vt
1641 277 1785 320 populus
1816 279 1918 320 sciat,
1945 280 2080 321 quando
2111 287 2229 314 coetus

208 331 341 357 uantur.
378 325 429 357 Ac
442 325 559 357 mirum
578 332 630 357 est
653 324 718 357 illis
742 323 934 357 fulminibus
958 320 1040 354 nihil
1065 321 1192 353 moueri
1241 320 1275 352 in
1304 319 1437 363 templis
1466 321 1648 353 conuenire
1678 322 1798 353 debeat
1827 322 1871 354 ad
1897 322 2100 361 conciones,
2129 329 2163 355 et
2185 324 2229 356 ad

208 377 280 406 eos,
304 369 358 411 qui
377 369 638 410 supersticiosas
652 369 824 410 opiniones
845 366 1056 398 traditionum
1080 363 1193 396 defen·
1242 373 1339 394 vsum
1368 369 1664 395 sacramentorum.
1722 363 1865 406 Oportet
1895 365 1982 397 enim
2014 365 2230 400 ministerium

207 411 299 444 dunt,
1217 388 1323 455 {illud
1352 416 1430 438 esse
1462 405 1648 446 publicum,
1682 405 1827 439 Prodest
1857 414 1949 440 certa
1977 414 2128 450 tempora
2150 419 2231 442 con·

297 456 350 492 ⁵³)
373 454 459 486 Sunt
481 460 589 486 autem
613 452 764 495 duplices
788 451 1005 487 traditiones,
1029 450 1193 492 quaedam
1217 461 1221 484 t
1242 448 1345 480 stitui.
1381 447 1428 480 lta
1450 455 1630 481 seruantur
1652 449 1742 491 apud
1762 459 1827 482 nos
1851 448 1955 483 feriae
1977 451 2041 483 diei
2052 451 2230 492 Dominici,

206 495 358 540 flagitant
387 508 489 539 opera
519 496 630 538 palam
660 495 844 538 pugnantia
869 503 943 526 cum
966 492 1043 534 lege
1067 493 1192 530 diuina,
1217 486 1221 535 'f
1243 495 1276 522 et
1298 488 1480 533 pleraeque
1508 489 1613 530 aliae,
1642 493 1828 525 retinentur
1856 493 1979 525 vsitata
2007 493 2231 528 Historiarum

206 546 243 571 vt
271 541 449 582 prohibitio
474 540 632 582 coniugij.
679 539 831 569 Necesse
857 542 910 568 est
940 542 1051 568 autem
1075 536 1108 567 in
1130 533 1193 566 Ec·
1218 544 1220 560 t
1243 533 1436 565 discrimina
1464 534 1497 566 in
1533 535 1770 574 macionibus,
1798 535 1927 568 Natalis
1950 536 2135 577 Dominici,
2167 537 2231 570 Pa-

207 581 313 616 clesia
344 589 458 615 extare
487 584 572 615 hanc
607 580 777 623 regulam,
809 579 950 621 Oportet
978 577 1054 609 Deo
1084 577 1192 620 magis
1217 568 1220 623 Ι
1243 577 1362 615 scatis,
1383 574 1462 609 sesti
1484 576 1718 614 Ascensionis,
1742 578 1980 619 Pentecostes,
1999 586 2033 612 et
2055 579 2143 623 alijs.
2187 579 2230 614 Et

207 626 346 658 obedire
359 636 457 668 quam
481 625 680 656 hominibus.
720 623 800 654 Ideo
825 628 958 654 constat
981 620 1105 653 talibus
1129 627 1193 653 tra·
1218 645 1221 668 ‚
1242 619 1351 662 magis
1364 625 1454 652 amat
1465 619 1608 662 populus
1620 621 1684 654 has
1704 623 1796 664 ipsas
1821 624 2031 655 ceremonias
2053 629 2232 666 postquam

206 668 386 701 ditionibus
417 667 566 700 lium-“nis
601 676 812 708 nequaquam
847 675 926 696 esse
961 665 1193 705 obtemperari·
1217 669 1220 685 ⁹
1243 662 1479 695 con-scienciae
1500 662 1660 697 liberatae
1683 671 1760 697 sunt
1783 663 1945 706 periculo,
1958 672 1991 698 et
2009 665 2076 698 illis
2098 667 2230 699 iniustis

207 712 295 744 dum.
341 710 438 742 Aliae
468 711 648 752 loquuntur
681 709 722 740 de
745 709 847 741 rebus
871 718 933 739 sua
956 714 1077 739 natura
1101 707 1193 738 adia-
1217 691 1220 726 ¹
1243 706 1421 744 oneribus,
1448 707 1491 738 de
1519 707 1639 749 quibus
1669 707 1747 740 olim
1776 707 1934 740 Monachi
1965 715 1999 742 et
2027 708 2232 744 Canonistae

208 754 336 797 phoris‚
356 761 389 785 vt
416 754 456 785 de
480 755 567 792 cil-o,
593 753 726 791 vestitu,
751 759 783 784 et
806 750 969 782 similibus
993 751 1108 787 rebus,
1123 749 1193 781 Hae
1217 741 1221 814 i
1242 747 1535 789 vociferabantur,
1558 756 1590 782 et
1612 760 1630 782 e
1653 752 1789 794 regione
1813 750 1936 784 vtilitas
1959 758 2146 785 monstrata
2168 758 2232 795 est,

209 798 403 829 traditiones
427 797 509 828 fiunt
534 797 665 838 impiae,
690 805 765 828 cum
788 799 1022 836 proponuntur
1042 803 1115 824 cum
1139 792 1192 824 his
1217 819 1221 832 ,
1242 793 1332 834 quod
1356 792 1388 823 hi
1414 793 1497 824 ritus
1521 794 1672 826 set-uiant
1702 795 1886 826 ministerio
1907 793 2094 838 Euangelij.
2148 795 2231 829 Item

208 841 435 882 opinionibus.
467 841 557 882 quod
586 845 777 871 mereantur
809 838 1041 869 remissionem
1071 846 1193 878 pecea—
1218 842 1221 860 ¹
1242 835 1402 867 admoniti
1425 841 1502 867 sunt
1524 835 1690 876 homines,
1714 837 1813 869 finem
1826 847 1904 870 esse
1926 837 2098 878 politicum
2109 838 2229 870 harum

206 890 326 922 torum,
357 883 445 925 quod
470 885 537 914 sint
560 892 615 914 res
638 881 862 919 necessariae,
881 880 971 921 quod
989 880 1058 911 sint
1082 877 1193 910 cultus
1218 872 1222 901 ἕ
1243 878 1499 908 ordinationum·
1545 878 1639 910 Haec
1673 880 1790 910 dextra
1825 879 2052 920 interpretatio
2085 878 2233 912 traditio·

205 926 281 964 Dei,
304 927 335 957 id
355 932 407 957 est
426 925 554 963 officia,
584 935 726 967 quorum
750 924 825 955 finis
847 923 1054 954 immediatus
1077 921 1136 959 sit,
1158 926 1195 952 vt
1244 930 1338 959 num,
1362 920 1472 952 reddit
1505 930 1563 952 eas
1599 922 1763 964 gratiores
1797 922 1979 954 moderatis
2012 921 2142 954 animis.
2186 921 2230 955 Et

205 980 266 1012 per
284 980 323 1001 ea
346 969 439 1000 Deus
463 969 592 1001 honore
622 967 805 999 adficiatur.
835 965 905 997 Has
928 963 1106 1008 pestiferas
1127 963 1194 1006 opi·
1244 973 1433 1005 quanquam
1453 964 1566 1005 opinio
1588 964 1801 997 necessitatis
1834 971 1867 996 et
1896 964 2008 998 cultus
2036 964 2233 1005 detrahitur,

205 1014 324 1044 niones
348 1022 491 1044 necesse
513 1019 563 1044 est
587 1013 619 1043 in
642 1009 798 1043 Ecclesia
821 1010 946 1048 taxari,
982 1007 1034 1040 Ac
1057 1015 1195 1049 propter
1244 1012 1355 1038 tamen
1374 1007 1459 1038 satis
1482 1008 1627 1039 munitae
1649 1013 1739 1046 sunt,
1769 1007 1846 1050 quia
1869 1008 2028 1040 docemus
2059 1008 2093 1040 in
2116 1007 2233 1040 Eccle-

205 1055 268 1088 has
292 1057 464 1098 opiniones
483 1056 616 1088 humani
629 1055 711 1086 ritus
735 1051 880 1091 inutiles,
903 1058 981 1083 sunt
1003 1050 1192 1093 abijciendi,
1244 1050 1302 1081 siis
1326 1049 1522 1090 emendatis,
1544 1049 1642 1083 vtiles
1667 1051 1873 1085 ceremonias
1897 1051 2027 1084 seruire
2048 1051 2233 1083 ministerio

206 1106 241 1131 vt
261 1100 451 1131 discrimina
474 1100 636 1137 ciborum,
647 1097 853 1129 monasticus
877 1095 1032 1133 vestitus,
1049 1101 1082 1125 et
1105 1093 1194 1125 simi-
1244 1092 1433 1136 Euangessj,
1463 1104 1567 1136 quare
1598 1095 1654 1136 qui
1683 1092 1872 1137 petulanter
1895 1100 1928 1127 et
1964 1104 2038 1126 cum
2068 1092 2232 1127 scandalo

205 1142 256 1174 les
279 1153 391 1174 mores
404 1142 649 1184 supet-sueton,
662 1147 697 1173 vt
709 1139 873 1172 Ezechias
893 1149 1032 1170 aeneum
1056 1146 1193 1178 serpen-
1244 1135 1307 1167 has
1349 1138 1556 1169 ceremonias
1586 1136 1725 1173 violant,
1758 1137 1825 1170 hoc
1859 1143 1928 1177 est,
1961 1138 2017 1179 qui
2050 1137 2234 1180 impediunt

206 1192 271 1218 tem
307 1187 513 1225 combussit,
547 1196 620 1218 cum
656 1185 783 1216 videret
813 1193 888 1214 eum
918 1192 938 1213 a
969 1179 1082 1212 multis
1113 1178 1190 1211 coli.
1244 1180 1459 1212 ministerium
1482 1179 1670 1223 Euangelij,
1694 1181 1758 1213 hos
1781 1191 1925 1223 peccare
1947 1181 2098 1213 dicimus.
2133 1179 2235 1213 Certe

206 1229 274 1262 Sed
298 1230 374 1271 quia
398 1228 482 1261 haec
502 1229 647 1261 societas
678 1227 848 1259 hominum
871 1226 904 1256 in
935 1223 1000 1257 hac
1024 1221 1193 1265 corporali
1243 1223 1375 1255 modum
1400 1222 1611 1256 traditionum
1634 1234 1712 1256 esse
1725 1233 1868 1256 necesse
1881 1230 1943 1263 est,
1967 1223 2234 1256 etconscienciis

207 1273 274 1304 vita
295 1273 397 1305 habet
422 1283 508 1315 opus
534 1273 669 1310 ordine,
691 1275 834 1313 possunt
857 1267 960 1311 aliqui
985 1268 1069 1299 ritus
1093 1264 1192 1297 vtiles
1244 1265 1374 1299 consuli
1398 1273 1549 1309 oportet,
1579 1273 1615 1299 vt
1638 1266 1823 1309 intelligent
1851 1267 2016 1300 humanos
2039 1268 2143 1307 ritus,
2171 1277 2234 1300 nec

206 1317 248 1348 ad
271 1315 362 1348 hunc
385 1315 482 1348 finem
505 1315 675 1358 politicum
697 1313 832 1347 retineri
844 1312 919 1344 sine
941 1309 1193 1354 supersticiosis
1244 1319 1300 1342 res
1325 1311 1550 1350 necessarias,
1572 1320 1636 1343 nec
1660 1311 1824 1343 iusticiam
1847 1319 1934 1342 esse.
1950 1313 2004 1348 ⁵³)

1332 1369 1425 1402 Haec
1454 1369 1611 1406 libertas,
1645 1371 1687 1402 de
1715 1381 1783 1412 qua
1810 1369 1865 1402 hic
1895 1370 2047 1409 dicimus,
2074 1379 2143 1402 non
2171 1367 2235 1403 fuit

1242 1414 1358 1456 ignota
1387 1414 1557 1455 patribus,
1591 1413 1801 1456 Augustinus
1830 1413 1918 1445 enim
1953 1414 2078 1455 inquit,
2112 1412 2234 1446 Totum

1244 1458 1310 1490 hoc
1341 1467 1448 1500 genus
1471 1467 1582 1489 rerum
1603 1458 1728 1490 liberas
1750 1456 1851 1488 habet
1882 1457 2157 1496 obseruationes,
2190 1455 2235 1488 Et

1244 1502 1276 1533 in
1295 1500 1384 1533 hanc
1406 1501 1602 1533 sententiam
1630 1499 1733 1532 multa
1756 1500 1807 1531 dis
1831 1505 1913 1532 utat.
1959 1499 2095 1531 ireneus
2118 1500 2234 1542 inquit,

1243 1545 1464 1577 Dissonantia
1488 1544 1598 1586 ieiunij
1622 1553 1690 1575 non
1712 1543 1804 1575 disso
1821 1544 1865 1575 uit
1879 1542 1954 1575 fidei
1968 1544 2232 1575 consonantiam.

1244 1588 1424 1631 Tripartita
1455 1587 1596 1620 historia
1622 1586 1728 1620 multa
1752 1585 1881 1629 colligit
1909 1585 2067 1628 exempla
2090 1586 2235 1618 dissimi-

204 1497 251 1529 53)
271 1495 337 1521 Sunt
355 1499 441 1519 autem
461 1494 576 1526 duplices
595 1493 762 1523 traditiones,
781 1504 814 1508 —
834 1503 866 1508 —
885 1496 933 1513 nec
956 1495 997 1512 res
1022 1486 1194 1516 necessarias,

273 1538 320 1554 nec
341 1530 467 1554 iusticiam
488 1528 565 1561 esse]
583 1536 630 1561 pro
655 1527 692 1552 his
716 1526 797 1552 verbis
816 1524 949 1549 Editionis
968 1524 1004 1553 3.,
1028 1519 1124 1547 exhibet
1142 1520 1192 1544 Ed.

273 1567 298 1591 4.
319 1565 419 1590 haecce:
440 1566 578 1588 Caeterum
599 1564 721 1587 docemus
740 1569 794 1587 non
814 1567 870 1584 esse
890 1557 1052 1583 damnandas
1073 1555 1193 1580 traditio-

273 1607 318 1624 nes
346 1606 411 1631 quac
435 1599 499 1623 nihil
525 1598 670 1630 precipiunt
696 1602 786 1622 contra
809 1594 932 1619 mandata
956 1593 1023 1622 Dei,
1048 1595 1074 1615 et
1097 1590 1195 1614 babent

272 1634 351 1659 finem
371 1635 519 1666 politicum,
539 1633 676 1662 uidelicet,
702 1639 768 1664 quae
793 1631 827 1655 ad
852 1630 902 1654 hoc
926 1628 1049 1653 conditae
1074 1633 1148 1655 sun„
1166 1629 1195 1648 ut

273 1670 363 1694 ordine
384 1676 424 1693 res
449 1670 475 1692 in
495 1668 613 1692 Ecclesia
637 1671 762 1698 gerantur
785 1663 929 1690 cuiusmodi
955 1667 1015 1686 suut
1038 1661 1193 1700 traditiones

273 1705 305 1729 de
324 1705 409 1736 feriis,
430 1703 480 1728 Die
501 1703 647 1733 dominico,
666 1702 765 1731 Natali,
784 1704 906 1733 pascate,
931 1702 957 1722 et.
980 1696 1102 1727 reliquis,
1133 1699 1194 1719 item

274 1740 306 1763 de
330 1740 411 1763 saeris
438 1739 608 1767 lectionibus,
630 1742 653 1761 et
679 1738 785 1761 similes.
823 1736 855 1759 Et
875 1734 950 1758 huius
969 1732 1072 1764 generis
1092 1734 1193 1754 ueteres

273 1776 337 1798 ritus
358 1774 468 1798 libenter
487 1775 626 1797 retinemus
646 1774 672 1797 in
692 1772 790 1797 nostris
808 1770 945 1801 Ecvlesijs.
983 1768 1017 1791 Et
1035 1771 1122 1790 tamen
1140 1764 1194 1803 ‘ad-

273 1813 393 1833 monetur
412 1809 531 1840 populus,
551 1812 578 1831 ut
596 1808 671 1837 sriat,
691 1807 753 1838 quid
774 1806 805 1830 de
824 1805 920 1829 talibus
939 1801 1055 1827 moribus
1078 1804 1192 1824 sentien-

273 1844 332 1868 dum
353 1845 394 1873 sit,
414 1844 544 1872 uidelicet,
564 1843 634 1873 quod
653 1850 705 1866 non
725 1845 873 1866 mercantur
896 1838 1077 1863 remissionem
1101 1841 1193 1866 pccca-

273 1883 367 1907 torum,
387 1879 455 1910 quod
477 1886 528 1901 non
549 1878 599 1901 siut
619 1878 721 1901 iusticia
740 1876 959 1904 Christis-namne
970 1873 1052 1897 cultus
1073 1876 1192 1894 necessa-

272 1914 303 1945 rij
330 1914 362 1937 ad
388 1914 513 1937 iusticiam
542 1913 735 1941 Christianam,
763 1911 808 1935 sed
836 1918 878 1934 res
906 1907 1099 1935 indifferentes,
1128 1911 1192 1936 quas

272 1953 347 1972 extra
366 1948 479 1971 >mn-lali
500 1956 585 1971 casum
606 1947 683 1971 liceat
702 1947 830 1970 omittere.
869 1945 939 1968 tinec
959 1941 1090 1967 ε’πιεικεία
1114 1939 1193 1964 tradi-

272 1984 371 2007 tionum
399 1984 489 2006 liberat
519 1983 691 2006 conscientias
720 1989 735 2005 a
759 1979 950 2012 supersticiosis
975 1975 1144 2008 opinionibus
1168 1979 1193 1998 ct.

271 2018 303 2042 ab
330 2019 375 2042 illa
394 2018 475 2041 ueteri
500 2017 658 2041 carnificina.
696 2015 728 2040 Et
755 2021 840 2040 tamen
868 2013 999 2046 egregiam
1026 2009 1191 2035 commenda-

271 2054 368 2077 tionem
388 2052 463 2076 nffert
482 2052 676 2079 traditionibus,
697 2051 756 2083 quia
780 2058 868 2074 uernm
893 2056 965 2073 nsum
992 2053 1081 2071 carum
1105 2049 1191 2069 osten-

272 2089 319 2112 dit.
356 2087 454 2112 omncs
479 2087 606 2111 moderati
632 2087 750 2111 hominen
775 2086 896 2109 libentius
922 2086 1014 2115 parent
1045 2080 1191 2104 traditioni-

272 2123 333 2151 bus,
362 2128 498 2154 postquam
530 2122 679 2152 intelligunt
714 2121 835 2152 priuatim
865 2118 1039 2143 conscientias
1072 2114 1191 2147 periculo

271 2159 394 2182 liberatas
415 2165 483 2186 esse,
509 2161 533 2180 et
557 2162 664 2181 catenus
689 2156 833 2187 parendum
860 2162 932 2183 esse,
961 2159 994 2176 no
1024 2150 1192 2184 perturbetur

271 2193 414 2217 communis
439 2192 633 2223 tranquillitas,
659 2198 726 2215 neue
753 2190 894 2214 imbecilles
919 2188 1049 2212 ledantur.
1087 2185 1192 2210 Deinde

270 2229 354 2252 munit
384 2232 408 2250 et
437 2231 573 2251 conseruat
599 2226 663 2250 haec
692 2226 875 2257 interpretatio
902 2223 1019 2256 publicos
1046 2228 1131 2245 mores
1160 2227 1191 2244 ac

271 2262 448 2294 dinriplinatm
473 2262 535 2293 quia
562 2261 634 2285 iubet
667 2262 753 2285 caueri
789 2260 920 2284 scandala.
962 2257 1005 2282 Ad
1044 2255 1191 2287 exemplum

271 2299 382 2329 pt-rttnnt
402 2303 427 2321 et
445 2298 478 2321 ad
498 2296 719 2320 assuerat-fiendam
739 2295 943 2319 adolescentium
964 2297 989 2316 et
1008 2291 1110 2323 uulgus,
1130 2298 1191 2314 cou-

270 2340 310 2356 ser
322 2340 373 2356 ⁴:tre
393 2332 507 2363 publicas
523 2331 609 2360 terum,
623 2336 712 2356 coctus
731 2331 757 2355 in
777 2331 888 2362 templis,
902 2329 1026 2353 lectiones
1045 2331 1094 2350 ete.
1126 2325 1190 2350 Ideo

270 2367 417 2391 huin—morli
450 2367 630 2390 ordinationes
654 2373 705 2390 nnn
731 2370 791 2389 sunt
817 2365 1000 2396 dissipandae,
1028 2362 1075 2386 scd
1105 2362 1191 2393 potius

272 2403 401 2425 communi
423 2403 509 2425 studio
535 2401 711 2425 adiuuandae.
747 2400 806 2425 Hae
831 2405 890 2424 sunt
918 2405 995 2423 uerae
1022 2401 1046 2421 et
1066 2397 1191 2421 honestae

270 2437 359 2460 laudes
389 2437 572 2466 traditionum,
597 2444 662 2468 quac
685 2442 776 2459 omnes
801 2436 857 2467 pios
880 2438 907 2458 ct
930 2433 1096 2461 moderatos,
1120 2431 1191 2455 hand

274 2472 361 2501 dnbio,
379 2472 491 2495 maxime
511 2472 625 2496 inuitant
643 2471 677 2495 ad
696 2470 836 2500 amandos,
860 2470 986 2498 tuendos.
1013 2472 1038 2491 et
1056 2467 1190 2492 ornandos

268 2506 387 2539 publicos
406 2514 498 2547 mores,
525 2506 698 2546 Euangelium
724 2506 802 2530 docet
826 2508 976 2529 reuerenter
1001 2504 1112 2544 contire.
1137 2509 1190 2526 non
1240 2504 1365 2536 (agione
1393 2502 1580 2535 muium-um
1608 2511 1739 2540 rerum,
1775 2506 1808 2533 eg
1836 2498 1915 2542 dijg
1942 2498 2114 2542 agrestii,

269 2541 352 2565 solnm
373 2541 405 2565 de
425 2541 482 2573 altjs
502 2541 620 2565 riutlibns
644 2541 747 2573 legibus
766 2547 796 2565 ne
821 2539 952 2569 moribus,
979 2538 1026 2562 sed
1053 2543 1134 2563 ettam
1158 2537 1190 2561 dc

2139 2507 2160 2531 a
2185 2498 2229 2531 tl·

271 2577 470 2605 Ecclesix-tirtn,
490 2580 516 2600 ot
533 2584 621 2600 uemm
640 2583 713 2600 usum
733 2575 824 2600 harum
843 2577 981 2599 monstrnt.
1018 2573 1072 2598 Sed
1092 2572 1190 2604 gradus
1239 2547 1360 2585 aemss’
1405 2545 1592 2598 nebel-cer?
1641 2554 1776 2577 onmem
1818 2543 1935 2582 ‘'ebe‘’
1985 2543 2113 2575 nomm
2152 2509 2227 2574 ἰπὶ.

270 2616 358 2636 umen
379 2612 522 2640 constituit,
542 2615 566 2635 et
587 2611 701 2636 discerni
724 2611 780 2635 uult
810 2610 959 2635 doctrinm
978 2608 1012 2632 d·
1030 2608 1137 2633 Christo
1165 2611 1191 2633 ct
1263 2590 1396 2634 ‘opflus
1421 2600 1462 2622 ¹¹⁰
1486 2599 1657 2632 ΡῙὉΧΪῙῊῑ18
1682 2597 1759 2620 ⁰⁸⁵0
1781 2586 1900 2626 debeb
1923 2595 1967 2619 ΠΒ
1989 2585 2150 2619 ‘muffu-
2171 2589 2230 2618 am

269 2647 347 2671 tabu
366 2646 519 2671 mete-tibus
538 2653 568 2670 ac
588 2646 708 2676 uternis.
726 2653 743 2671 ο
761 2645 928 2678 paedagogia
945 2643 1139 2670 moduinum.
1213 2667 1218 2681 ¹
1262 2635 1367 2668 esldla
1389 2631 1560 2666 extimulet
1582 2633 1625 2665 ad
1647 2631 1867 2676 [metandum
1888 2636 1922 2664 οἱ
1940 2635 1977 2663 vt
1998 2638 2095 2663 mm
2117 2627 2230 2662 ldmo-

1244 1632 1322 1665 lium
1346 1633 1479 1671 rituum,
1504 1637 1536 1663 et
1559 1631 1652 1663 addit
1675 1631 1849 1674 egregium
1871 1628 2113 1671 Epiphanema.
2137 1629 2235 1662 Mens

1244 1673 1486 1717 Apostolorum
1509 1673 1582 1713 suit,
1606 1685 1675 1706 non
1699 1674 1740 1706 tle
1763 1674 1881 1706 diebus
1905 1671 2002 1705 festis
2015 1673 2161 1712 sancire,
2173 1673 2235 1705 sed

1243 1719 1439 1761 praedicare
1462 1719 1585 1751 bonam
1608 1717 1900 1751 conuersationem
1920 1722 1951 1748 et
1965 1717 2132 1759 pietatem.
2166 1716 2235 1749 Sed

1243 1762 1325 1795 nihil
1353 1772 1438 1805 opus
1470 1766 1523 1794 est
1548 1762 1582 1793 in
1610 1771 1647 1793 re
1674 1759 1851 1793 manifesta
1875 1758 2040 1803 colligere
2058 1758 2163 1791 multa
2184 1766 2234 1792 te·

1245 1807 1408 1838 stimonia.
1454 1805 1582 1838 Verum
1612 1804 1667 1836 hic
1698 1802 1927 1836 vociferantur
1957 1803 2162 1845 aduersarij,
2185 1802 2233 1835 la-

1244 1848 1406 1883 befactari
1435 1849 1500 1882 hac
1529 1849 1681 1881 doctrina
1710 1846 1919 1890 disciplinam
1942 1845 2122 1889 publicam,
2145 1844 2234 1879 effici

1243 1893 1401 1937 ἀναρχίαν,
1415 1893 1497 1924 ltem
1515 1890 1643 1924 aboleri
1656 1892 1744 1923 bona
1764 1901 1866 1933 opera
1890 1896 1922 1922 et
1946 1889 2235 1922 mortificationem

1244 1938 1366 1972 carnis,
1389 1937 1481 1969 iuxta
1504 1935 1664 1967 louiniani
1679 1935 1811 1978 dogma.
1857 1933 1926 1965 llas
1950 1931 2136 1965 calumnias
2157 1943 2234 1975 par·

1241 1982 1299 2013 tim
1322 1981 1386 2012 iam
1405 1979 1634 2016 resutautmus‚
1657 1978 1732 2010 Non
1758 1978 1844 2010 enim
1867 1977 1903 2008 fit
1927 1976 2076 2018 ἀναρχία,
2099 1986 2164 2009 nec
2186 1975 2234 2009 la-

1242 2023 1431 2057 besactatur
1453 2021 1588 2065 publica
1612 2020 1798 2064 disciplina,
1822 2031 1897 2054 cum
1920 2021 2129 2060 traditiones,
2152 2029 2233 2063 qua-

1241 2079 1313 2100 rum
1336 2067 1412 2099 finis
1435 2072 1487 2099 est
1509 2065 1683 2108 politicus,
1712 2064 1899 2097 seruandus
1929 2073 2007 2096 esse
2038 2063 2233 2103 doceamus,

1241 2111 1414 2144 Docemus
1438 2116 1471 2142 et
1493 2108 1658 2141 scandala
1681 2108 1831 2140 cauenda
1855 2117 1945 2145 esse,
1963 2106 2032 2139 Sed
2054 2107 2098 2139 de
2119 2106 2233 2140 morti·

1242 2155 1400 2187 ficatione
1423 2154 1534 2185 carnis
1558 2153 1609 2184 sic
1631 2151 1894 2194 respondemuS,
1924 2149 2015 2183 Vera
2043 2156 2078 2183 ct
2100 2160 2167 2183 non
2190 2149 2233 2183 sl·

1241 2197 1367 2231 mulata
1389 2196 1600 2230 mortificatio
1623 2201 1686 2235 est,
1709 2193 1856 2227 tolerare
1880 2204 2027 2233 crucem,
2044 2193 2176 2226 versari
2197 2194 2232 2226 in

1240 2239 1415 2285 periculis,
1437 2240 1605 2277 erumnis,
1631 2245 1662 2271 et
1683 2237 1934 2271 afflictionibus·
1969 2237 2076 2270 Huius
2097 2237 2232 2281 generis

1242 2284 1433 2318 obedientia
1464 2289 1516 2316 est
1546 2281 1654 2316 cultus
1678 2281 1742 2315 Dei
1765 2288 1797 2314 et
1821 2291 1907 2324 opus
1930 2279 2122 2323 spirituale,
2143 2281 2232 2314 sieut

1245 2329 1345 2362 docet
1368 2325 1537 2366 Psalmns,
1571 2326 1779 2360 Sacrificium
1805 2325 1879 2358 Deo
1903 2325 2040 2368 spiritus
2063 2324 2231 2357 contribu-

1239 2372 1326 2405 latus
1354 2377 1417 2404 etc.
1464 2370 1636 2403 Docemus
1668 2376 1823 2413 preterea
1845 2367 1935 2401 aliud
1967 2378 2075 2411 genus
2103 2368 2232 2402 exerci-

1240 2417 1360 2449 tiorum
1373 2414 1603 2448 necessariutu
1621 2423 1710 2446 essc.
1747 2411 1894 2449 Quilibet
1907 2411 2119 2444 Christianus
2131 2411 2230 2444 etiam

1241 2457 1410 2502 corporali
1434 2456 1631 2500 disciplina,
1658 2457 1852 2495 laboribus,
1880 2456 2112 2499 temperantia,
2129 2454 2230 2488 medi-
