2324 2944
1028 823 1076 865 Β.

276 907 641 956 CONFESSIO
670 907 1079 955 AUGUSTANA
1108 907 1507 956 GERMANICE
1535 908 1828 956 SCRIPTA.

198 1022 230 1053 ln
248 1022 481 1063 Prolegomenis
500 1032 593 1062 supra
611 1032 640 1062 p.
666 1023 845 1053 201—214.
865 1021 1045 1060 praemissis
1057 1043 1065 1056 ,
1082 1023 1110 1051 in
1135 1022 1248 1060 quibus
1268 1022 1307 1051 de
1325 1022 1456 1060 origine,
1475 1031 1643 1061 progressu
1661 1027 1752 1062 atque
1777 1023 1969 1053 confectione
1992 1024 2061 1054 utri-

41 1076 143 1107 usque
165 1063 381 1097 Confessionis
404 1067 603 1105 Augustanae
627 1065 826 1104 scripsimus,
853 1074 912 1093 nou
930 1063 1030 1093 solum
1060 1065 1088 1093 in
1117 1063 1233 1099 latina,
1267 1064 1325 1094 sed
1353 1065 1443 1094 etiam
1475 1065 1503 1094 in
1526 1066 1706 1105 per-munira
1731 1065 1926 1096 distinximus
1956 1067 2063 1096 varias

43 1110 112 1141 eius
129 1110 263 1149 formas,
283 1119 408 1149 nempe:
431 1112 457 1140 1.
473 1109 608 1148 primam
631 1108 911 1141 adumbrationem,
932 1107 959 1136 2.
979 1107 1101 1144 formas
1122 1106 1340 1141 intermedias,
1360 1111 1391 1137 et
1410 1109 1438 1138 3.
1459 1108 1593 1145 formam
1611 1109 1774 1147 integram.

495 1257 551 1289 De
579 1254 804 1290 Codicibus
833 1255 902 1289 has
929 1255 1064 1288 varias
1097 1254 1248 1288 formas
1277 1254 1606 1289 continentibus.

195 1343 245 1374 De
267 1344 316 1374 his
340 1344 369 1373 iu
392 1344 566 1373 universum
588 1343 694 1373 eadem
718 1342 829 1378 valent,
853 1352 932 1383 quae
955 1352 1048 1382 supra
1069 1352 1098 1381 p.
1120 1343 1179 1372 213
1204 1342 1303 1381 sq.do
1320 1339 1488 1372 Codicibus
1500 1342 1612 1373 latinae
1630 1341 1852 1373 Confessionis
1871 1345 2061 1384 praemonui-

39 1396 119 1417 mus.
165 1385 244 1417 Nam
275 1388 363 1417 etiam
384 1388 580 1426 yet-manicae
605 1385 820 1425 Censes-rionis
840 1387 944 1425 prima
967 1385 1179 1419 adumbratio,
1199 1395 1308 1424 nempe
1332 1395 1385 1420 ea,
1416 1395 1494 1424 quae
1529 1396 1547 1415 a
1575 1385 1773 1416 Melanthone
1801 1387 1928 1426 primum
1950 1388 2064 1427 scripta

40 1433 133 1470 atque
156 1429 291 1460 Electori
312 1431 426 1461 Saxon.
449 1429 555 1468 (simul
579 1440 646 1460 cum
669 1429 776 1468 latina)
801 1429 922 1464 oblata,
943 1433 974 1459 et
997 1429 1035 1459 ab
1058 1428 1117 1458 hoc
1136 1427 1175 1457 ad
1197 1426 1365 1458 Lutherum
1385 1425 1519 1469 Coburgi
1544 1432 1715 1459 versantem
1739 1429 1767 1459 d.
1795 1433 1845 1461 11.
1869 1430 1943 1460 Maii
1967 1431 2065 1461 missa

41 1476 108 1509 est,
132 1474 183 1513 qui
203 1483 269 1504 eam
291 1473 402 1503 lectam
429 1474 686 1513 approbatamque
709 1473 748 1502 ad
775 1471 860 1502 illum
884 1472 913 1502 d.
936 1475 983 1503 15.
1008 1471 1082 1501 Maii
1105 1471 1222 1501 remisit
1233 1471 1282 1509 *),
1307 1471 1467 1510 hucusque
1490 1482 1548 1502 non
1562 1477 1611 1503 est
1633 1476 1759 1511 reperta.
1808 1473 1941 1504 Formae
1962 1477 2064 1504 autem

40 1517 244 1547 inter-mediae
271 1516 370 1546 adhuc
393 1517 421 1546 in
445 1515 584 1556 pluribus
608 1514 779 1547 Codicibus
797 1519 933 1550 exstant,
957 1525 1036 1554 quos
1060 1524 1138 1544 nunc
1161 1514 1401 1545 recensebimus.

549 1622 574 1648 1.
621 1618 732 1650 Codes
762 1617 986 1650 ll'z'marc‘ensis
1007 1621 1034 1650 1.
1082 1617 1302 1657 (Spalatini
1326 1617 1557 1657 apographum).

198 1700 266 1730 Hoc
289 1699 495 1740 apographum
519 1700 708 1739 germanicae
743 1698 976 1734 Conscssionis,
1012 1699 1093 1738 quod
1127 1698 1360 1739 Spalatinus
1392 1708 1482 1728 manu
1508 1708 1565 1728 sua
1596 1699 1745 1734 exaravit,
1781 1703 1957 1730 asservatur
1986 1701 2064 1730 inter

43 1743 125 1774 Acta
147 1741 346 1773 Comitiorum
370 1753 398 1772 a.
425 1745 517 1774 1530.
542 1743 570 1772 in
590 1742 737 1772 tabulario
761 1743 911 1772 communi
934 1742 1132 1772 Wimariensi
1156 1741 1234 1781 Ray.
1260 1741 1297 1773 E.
1321 1741 1388 1772 Fol.
1415 1744 1464 1772 37.
1484 1741 1541 1771 Nr.
1564 1745 1601 1777 1.,
1627 1742 1708 1782 quod
1726 1743 1868 1773 volumen
1887 1744 2065 1783 inscriptum

43 1790 109 1817 est:
137 1787 303 1826 „ffleidasstug
325 1797 371 1826 gue
390 1787 553 1825 fflugsputgf
575 1788 684 1816 1530.‘¹
708 1784 760 1816 fol.
785 1787 920 1816 32—62.
966 1785 1055 1815 Hune
1077 1783 1223 1815 codicem
1248 1785 1476 1825 descripserunt
1498 1785 1686 1815 Weberus
1706 1785 1726 1816 1.
1750 1785 1769 1817 1.
1793 1785 1814 1816 1.
1838 1796 1867 1826 p.
1885 1788 2064 1817 168—174.

42 1833 76 1860 et
98 1830 268 1860 accurafius
292 1829 621 1859 Foerstemannus
646 1830 674 1858 in
698 1828 718 1860 l.
744 1831 954 1866 utfuunenbudy
975 1839 1006 1869 gu
1025 1830 1051 1860 b.
1072 1831 1164 1866 Θεῖά).
1184 1835 1208 1859 D.
1228 1829 1349 1866 ffleiciisst.
1371 1840 1402 1869 gu
1421 1829 1532 1867 Qtugeb.
1555 1830 1645 1859 1530.
1665 1828 1700 1860 T.
1726 1828 1746 1859 1.
1769 1840 1796 1869 p.
1818 1831 2010 1865 310—312„
2035 1834 2066 1861 et

24 1883 73 1914 ·p.
100 1874 161 1903 312
186 1876 259 1904 extr.
283 1890 324 1894 —
349 1874 420 1903 343.
445 1873 544 1912 ipsum
569 1870 715 1902 codicem
739 1872 942 1902 recudendum
962 1872 1084 1902 curavit.
1099 1872 1150 1910 *ἢ
1181 1870 1323 1902 Continet
1341 1875 1404 1901 tres
1427 1871 1596 1902 fasciculos
1620 1871 1733 1902 formae
1757 1874 1914 1902 maximae.
1951 1872 2066 1904 Horum

42 1917 158 1956 primus
181 1915 254 1946 folia
274 1916 410 1946 32—43.
435 1915 653 1956 complectitur,
679 1925 804 1955 quorum
829 1912 965 1946 ultimum
990 1917 1037 1946 43.
1063 1914 1216 1954 singulum
1246 1925 1313 1944 cum
1343 1916 1437 1954 primo
1467 1915 1540 1945 solio
1571 1915 1809 1954 conglutinatum
1837 1917 1984 1946 tenuioris
2015 1919 2066 1948 est

44 1959 176 1990 chartae.
199 1959 256 1989 His
279 1958 362 1989 foliis
385 1958 524 1989 adiacent
547 1959 608 1990 dno
632 1958 699 1998 (sol.
726 1961 774 1988 44.
796 1961 861 1996 45.)
886 1958 1024 1988 eiusdem
1047 1959 1195 1988 tenuioris
1219 1958 1356 1988 chartae.
1403 1958 1489 1988 Haec
1506 1959 1563 1988 tria
1585 1958 1657 1989 solia
1680 1960 1816 1989 tenuiora
1840 1959 1997 1989 articulum
2027 1959 2066 1990 de

44 2001 107 2031 fide
128 2005 161 2032 et
181 2003 271 2032 bonis
295 2002 454 2042 operibus,
479 2003 530 2042 qui
563 2002 614 2032 sol.
639 2004 689 2032 4⁶2.
710 2002 838 2037 orditur,
870 2012 966 2041 paene
990 2002 1138 2041 integrum
1167 2002 1412 2037 contineut.***)
1459 2001 1623 2031 Secundus
1658 2002 1826 2032 fasciculus
1857 2002 2066 2042 complectitur

45 2043 121 2074 solia
139 2046 276 2079 46-55,
299 2046 407 2074 tertius
432 2045 504 2075 folia
534 2048 689 2080 56—63.‚
720 2055 847 2085 quorum
877 2045 1016 2075 ultimum
1053 2048 1147 2074 vacat.
1194 2044 1261 2074 Hoc
1295 2046 1371 2074 enim
1400 2045 1618 2085 Apographum
1650 2045 1847 2085 Spalatini
1884 2047 1982 2075 [initur
2011 2046 2064 2078 sol.

48 2088 103 2117 62⁸²
126 2087 222 2127 prima
243 2086 335 2121 linea,
359 2098 417 2118 nec
434 2090 578 2128 integram
603 2088 840 2118 confes-sionem
865 2089 1007 2123 continet,
1027 2087 1216 2118 sed'versus
1239 2088 1372 2117 medium
1391 2088 1549 2128 penultimi
1572 2088 1704 2124 articuli,
1736 2091 1786 2128 qui
1811 2090 1975 2129 inscriptus
2000 2093 2064 2121 est:

46 2131 115 2162 fficn
135 2131 240 2163 OElnflet
264 2132 408 2170 geiubnen.
433 2133 548 2162 verbis:
576 2133 661 2168 „wit
681 2134 772 2162 menen
792 2135 829 2162 im
849 2134 891 2162 ein
911 2133 1046 2170 gebulffen
1066 2135 1185 2168 macheu!
1203 2134 1249 2162 'oct
1269 2133 1330 2163 mub
1349 2132 1409 2170 ἳςῡη
1429 2134 1498 2169 ''m'‘
1526 2133 1631 2161 nescio
1655 2142 1744 2171 quam
1775 2133 1813 2161 ob
1838 2143 1979 2167 causam,
2014 2132 2065 2162 ab·

45 2177 165 2213 mptum
189 2177 253 2207 estz
277 2173 390 2204 desunt
411 2175 501 2214 igitur
523 2175 587 2205 fere
609 2175 731 2205 dimidia
750 2185 820 2215 pars
844 2175 935 2205 huius
958 2174 1083 2215 articuli,
1107 2178 1139 2204 et
1161 2175 1278 2213 integer
1299 2174 1425 2205 ultimus
1454 2176 1541 2211 „Qun
1561 2181 1606 2206 cer
1632 2177 1783 2213 ffiiy'cboffm
1812 2178 1949 2214 gemuut.¹¹
1972 2179 2065 2215 atque

44 2215 212 2257 Epilogus:
240 2218 406 2253 „Qefcfflufi”
428 2228 495 2247 cum
519 2219 690 2248 nominibus
710 2219 906 2258 subscriptis,
929 2222 1086 2258 praeterea
1104 2218 1193 2247 eiiam
1215 2218 1365 2250 Praefatio
1389 2218 1427 2248 ad
1447 2216 1612 2248 Caesarem
1635 2219 1662 2247 in
1688 2219 1746 2248 hoc
1770 2217 1886 2248 Codice
1910 2219 2065 2249 desidera·

44 2262 103 2290 tur.
123 2278 161 2283 —
186 2259 310 2289 Numeri
335 2259 472 2290 soliorum
494 2271 552 2291 non
572 2272 590 2291 a
611 2263 721 2301 prima,
741 2261 798 2291 sed
822 2263 859 2291 ab
878 2262 938 2291 alia
961 2262 1068 2291 seriori
1087 2271 1176 2291 manu
1195 2260 1340 2301 adscripti
1364 2265 1446 2291 sunt.
1483 2261 1548 2292 Fol.
1570 2263 1619 2291 32⁷.
1634 2261 1726 2292 habet
1751 2262 1864 2292 hancce
1888 2263 2060 2302 inscriptio-

41 2312 111 2332 nem
131 2303 169 2333 ab
191 2303 250 2333 alia
268 2313 360 2333 manu
376 2304 513 2334 eiusdem
536 2306 681 2344 temporis
705 2309 871 2335 exaratam:

252 2357 393 2393 „ertiffeu
412 2358 458 2386 Μ
479 2357 625 2387 Θῐαιώεηὸ
644 2360 696 2387 vab
717 2359 826 2389 §Betim
844 2358 890 2388 'tet
910 2357 1065 2395 &reingeri
1084 2357 1218 2388 mtticreu.
1243 2381 1248 2386 .
1271 2356 1276 2397 Ι
1297 2358 1323 2384 .”

42 2407 182 2450 Singulis
206 2411 275 2441 fidei
299 2411 435 2441 articulis
459 2413 589 2447 numeri,
609 2413 660 2452 qui
683 2413 794 2443 arabici
815 2414 1011 2446 nominantur.
1035 2413 1064 2442 in
1087 2413 1182 2452 prima
1204 2413 1359 2453 cuiusque
1378 2412 1459 2443 linea
1478 2412 1599 2453 praefixi
1623 2416 1702 2443 sunt.

153 2539 180 2572 ”)
200 2541 270 2567 Cous.
289 2547 354 2573 quae
373 2547 451 2572 supra
471 2547 494 2572 p.
514 2541 562 2565 207
581 2548 618 2573 sq.
637 2541 668 2567 de
688 2542 735 2567 hac
754 2548 782 2568 re
803 2542 924 2568 diximus.

137 2585 177 2620 ⁸)
196 2588 420 2654 gp‘igonli‘znhplniiu?
441 2587 538 2654 (ἑᾞιίεὶῧ
560 2589 671 2655 εἵιέᾞυςυὲι
690 2589 863 2621 cyprianus
883 2590 899 2615 1.
919 2590 933 2615 Ι.
952 2590 977 2614 in
994 2589 1139 2620 Appendice
1157 2590 1198 2616 Nr.
1217 2589 1279 2616 XII.
1303 2597 1328 2622 p.
1351 2589 1398 2614 167
1419 2595 1468 2621 sq..
1487 2595 1564 2621 quam
1583 2589 1684 2621 repetiit
1703 2590 1868 2617 walchius
1887 2589 1912 2616 ln
1931 2596 1979 2616 sua
1998 2590 2062 2616 Edit.

125 2667 180 2701 ⁶⁸⁸)
199 2669 250 2696 noe
268 2677 326 2696 eam
344 2671 376 2695 oh
397 2676 501 2696 cansam
521 2670 645 2696 adnotatu
664 2671 768 2702 dignum
788 2674 842 2703 est,
862 2672 930 2703 quod
950 2671 1102 2698 weberus
1121 2671 1225 2704 iudicat,
1242 2673 1311 2699 hune
1328 2673 1464 2699 articulum
1486 2672 1570 2698 secius
1589 2678 1649 2698 esse
1669 2671 1800 2703 sennium.

26 2737 47 2750 φ
247 2729 395 2750 usum-u.
410 2729 492 2749 oran.
506 2729 570 2749 vor„
581 2729 663 2750 xxvi.
1817 2722 1850 2745 27
