2324 2944
171 174 213 209 19

170 279 246 303 mus
285 269 318 300 in
362 263 543 307 Evangelio
587 262 866 305 praedicationem
910 259 1142 302 poenitentiae:
1168 262 1171 287 ἔ

172 313 272 355 Agite
294 310 536 353 poenitentiam.
561 307 635 349 quia
658 304 900 347 appropinquat
923 312 1059 344 regnum
1074 310 1144 332 coe-
1168 300 1171 308 ¹

172 355 290 388 lorum.
336 353 426 389 item,
459 350 559 381 habet
587 349 748 380 adnexam
778 347 1046 389 promissionem:
1082 343 1144 378 Qui

174 396 348 430 crediderit
371 402 401 426 et
426 393 611 435 baptizatus
633 391 741 429 suerit,
764 389 879 421 salvus
897 389 969 420 erit.
993 387 1145 418 Doceant

174 441 273 483 igitur
301 438 452 470 effectum
481 435 632 477 baptismi
662 444 720 476 per
744 443 872 465 omnem
895 432 993 462 vitam
1023 429 1144 460 debere

175 484 304 519 durare,
336 481 401 512 hoc
423 484 494 517 est,
527 487 661 519 semper
682 485 745 507 nos
769 476 889 507 debere
912 471 1144 515 poenitentiam

174 531 276 569 agere
309 529 340 555 et
373 519 470 554 simul
505 521 658 557 credere,
691 518 779 561 quod
813 516 906 548 Deus
933 513 1013 547 velit
1046 513 1145 545 nobis

173 568 359 611 ignoscere-
394 564 435 596 Et
454 574 554 605 saepe
577 564 775 595 admoneant
798 559 894 591 huius
916 556 1068 599 baptismi
1086 563 1145 596 po-

198 609 298 643 ulum.

175 621 197 653 p
261 651 338 683 item
363 653 503 682 caveant
525 646 698 679 admittere
720 643 1034 686 rebaptizationem,
1069 640 1146 682 quia

175 695 266 737 prior
289 693 470 735 baptismus
493 689 703 733 parvulorum
734 686 908 728 improbari
933 695 1000 716 non
1023 689 1146 725 potest,

176 739 261 771 sicut
284 746 347 768 nec
369 734 576 766 circumcisio
601 730 821 774 parvulorum.
866 728 907 759 Et
938 726 1145 759 circumcisio

162 787 209 813 ,81
232 779 412 820 baptismus
435 782 512 808 sunt
539 775 686 807 eiusdem
709 773 756 804 rei
779 773 919 815 signum.
964 770 1036 801 Nec
1058 768 1146 801 valet

175 826 422 866 argumentum,
450 817 607 861 parvulos
641 816 784 847 nondum
819 814 941 846 habere
973 813 1146 850 rationem,

176 866 251 898 ideo
275 873 337 896 nec
359 863 456 894 fidem
479 870 582 902 posse
601 859 735 897 habere,
757 857 834 900 quia
846 856 940 889 Deus
956 856 1025 898 agit
1042 857 1075 887 in
1094 855 1147 894 iis,

176 907 303 941 etiamsi
325 906 451 937 ratione
479 913 545 935 non
568 907 718 940 utantur,
751 901 837 933 sicut
860 905 999 942 apparet
1023 899 1064 931 (18
1085 898 1147 930 cir-

176 949 389 982 cumcisione:
422 946 495 989 Ego
528 955 586 977 ero
615 943 708 977 Deus
743 954 865 976 eorum.
912 942 1008 979 118111,
1043 941 1148 974 Sinite

174 990 331 1035 parvulos
359 989 402 1021 ad
424 999 475 1020 me
498 989 618 1020 venire.

394 1088 724 1123 EUCHARISTIAE
742 1087 877 1122 SlGNU
880 1088 926 1121 M.

258 1160 401 1193 Primum
435 1160 484 1191 sic
518 1159 679 1197 doceant,
719 1159 811 1190 itu-xta
848 1158 986 1189 verbum
1025 1154 1149 1188 Christi

173 1214 250 1238 esse
272 1214 345 1236 cum
375 1213 462 1245 pane
491 1213 605 1235 verum
629 1212 751 1243 corpus
775 1200 915 1239 Christi,
950 1210 1023 1232 cum
1047 1198 1150 1232 calice

173 1258 287 1280 verum
310 1246 521 1289 sanguinem,
556 1246 633 1288 quia
660 1243 824 1276 Dominus
852 1244 896 1275 ita
919 1243 1062 1275 vocavit.
1108 1241 1150 1274 Et

173 1289 296 1324 Paulus
313 1291 367 1323 ait.
391 1289 644 1321 discernendum
662 1298 739 1320 esse
758 1297 880 1329 corpus
892 1285 1035 1318 Domini.
1059 1285 1150 1324 118111,

174 1333 328 1366 Christus
351 1333 412 1364 ait:
448 1331 510 1363 Hic
529 1338 580 1363 est
604 1329 710 1368 calix,
745 1341 866 1362 novum
888 1329 1149 1367 Testamentum,

172 1376 420 1409 Testamentum
434 1376 596 1417 sanguine
610 1374 788 1412 conditum,
813 1383 878 1404 11011
903 1373 999 1414 signo
1017 1370 1150 1414 sangui-

173 1420 236 1452 nis.
276 1419 371 1451 Item:
405 1418 522 1456 Panis,
553 1428 648 1460 quem
671 1415 873 1459 frangimus,
896 1421 947 1447 est
970 1414 1150 1447 communi-

175 1463 259 1495 catio
283 1461 431 1503 corporis
456 1460 596 1500 Christi,
630 1471 697 1492 non
726 1460 788 1491 ait:
824 1465 875 1491 est
897 1457 1150 1491 communicatio

174 1506 310 1548 spiritus
334 1504 467 1536 Christi.
512 1503 585 1536 Huc
618 1502 744 1535 faciunt
772 1508 922 1535 veterum
952 1502 1150 1543 scriptorum

175 1549 369 1581 sententiae.
385 1550 430 1585 Μ)

262 1592 415 1623 Secundo
438 1591 591 1629 doceant,
615 1590 703 1632 quod
726 1589 811 1620 sicut
825 1587 978 1620 Christus
1002 1587 1152 1626 instituit,

176 1642 213 1668 ut
245 1642 383 1676 utraque
413 1633 525 1675 specie
558 1639 707 1670 utantur,
752 1632 861 1673 itaque
876 1633 920 1669 ⁵⁴)
959 1631 1151 1662 sumendam

176 1684 348 1720 utramque
371 1678 526 1719 speciem.
573 1675 759 1718 Cyprianus
782 1676 843 1713 ait,
865 1674 953 1716 quod
977 1684 1041 1706 nec
1062 1673 1153 1705 mini-

177 1732 262 1754 mum
287 1721 521 1752 discedendum
555 1719 598 1750 sit
625 1730 645 1750 a
669 1717 792 1750 Christi
821 1718 976 1749 mandato
1003 1723 1036 1749 et
1058 1727 1152 1758 prae-

178 1765 322 1806 scripto,
357 1764 423 1795 Sed
447 1770 553 1794 tamen
578 1762 606 1793 si
630 1761 740 1793 adhuc
762 1760 862 1803 aliqui
886 1760 1002 1791 infirmi
1027 1765 1152 1798 essent,
1175 1750 1181 1796 Ι

617 169 726 202 PnlL.
749 167 851 200 MEL.
875 165 1061 199 SCRIPTA
1084 160 1352 196 DOGMATICA
1374 158 1430 191 ET
1453 157 1726 191 SYMBOLICA.

2132 156 2176 189 20

1197 254 1350 286 traditum
1373 262 1450 285 esse
1471 263 1533 296 pro
1556 254 1665 285 nobis.
1710 252 1801 291 Item,
1834 251 1896 284 Hic
1920 257 1971 284 est
1992 250 2078 284 calix
2097 252 2176 283 novi

1196 297 1412 337 Testamenti,
1440 297 1461 328 i.
1484 306 1514 328 e.
1537 307 1646 328 novae
1668 295 1919 339 promissionis,
1949 293 2077 327 scilicet
2099 303 2175 337 pro-

1197 341 1318 372 missae
1343 339 1470 383 gratiae
1492 345 1525 372 et
1548 339 1691 371 omnium
1716 340 1879 371 bonorum
1898 336 2131 380 spiritualium.

1489 441 1552 474 DE
1574 439 1882 474 POENlTENTlA.

1283 509 1351 542 lam
1374 510 1451 549 dixi,
1473 511 1709 552 poenitentiam
1731 519 1799 541 non
1822 518 1900 541 esse
1912 508 2103 541 distinctum
2116 507 2177 542 Sa-

1199 559 1401 586 cramentum
1425 554 1468 585 ab
1491 551 1576 593 aliis,
1598 553 1659 585 sed
1678 552 1861 596 significari
1881 558 1948 583 tum
1966 551 2177 594 abaptismo,

1198 600 1265 628 tum
1289 606 1308 628 a
1330 596 1585 628 manducatione
1608 597 1761 637 corporis
1782 594 1916 627 Domini
1940 600 1971 626 et
1993 593 2178 638 sanguinis.

1198 637 1247 670 lta
1280 639 1483 681 poenitentia
1514 649 1575 681 per
1609 649 1739 671 omnem
1773 639 1874 670 vitam
1908 638 2029 670 durare
2068 637 2179 678 debet,

1198 682 1289 732 iuxta
1310 681 1410 714 iilud:
1445 681 1481 714 Si
1504 682 1622 724 spiritu
1639 681 1730 715 facta
1754 682 1865 714 carnis
1888 679 2179 720 mortificaveritis,

1199 724 1328 757 Vivetis.

1286 767 1404 800 Partes
1427 767 1648 809 poenitentiae
1666 773 1744 800 sunt
1762 767 1929 807 contritio,
1953 766 1984 799 id
1998 772 2062 805 est,
2084 764 2182 799 dolor

1200 810 1241 843 de
1264 811 1412 842 admisso
1434 816 1575 852 peccato
1588 833 1598 849 ,
1632 821 1693 842 seu
1715 821 1795 843 vere
1817 809 2078 853 perhorrescere
2099 809 2180 842 iudi-

1201 854 1287 886 cium
1298 852 1374 892 Dei,
1397 859 1430 885 ct
1452 853 1587 891 sentire,
1610 853 1700 895 quod
1722 863 1837 886 sumus
1856 853 1904 886 rei
1923 858 2079 886 aeternae
2097 860 2181 885 mor*

1200 898 1251 929 tis.
1297 895 1390 928 Talis
1414 897 1566 928 contritio
1590 896 1622 927 in
1645 895 1718 928 aliis
1740 895 1902 939 frigidior,
1925 898 1958 928 in
1981 894 2056 929 aliis
2079 894 2181 929 vehe-

1199 940 1341 972 mentior
1363 945 1425 971 est.
1469 938 1532 970 Est
1555 939 1653 981 igitur
1676 940 1856 979 orandum,
1879 945 1916 972 ut
1939 938 2035 972 Deus
2058 937 2183 972 efficiat

1201 982 1427 1022 verissimam,
1472 982 1558 1014 sicut
1599 987 1632 1014 et
1664 980 1829 1024 propheta
1861 980 2047 1015 Hieremias
2087 983 2184 1016 dicit:

1202 1026 1385 1068 Postquam
1415 1024 1592 1057 ostendisti
1619 1025 1718 1064 mihi,
1751 1025 1906 1067 percussi
1936 1024 2044 1058 femur
2066 1035 2182 1058 meum.

1202 1068 1343 1111 Semper
1365 1074 1474 1101 autem
1494 1068 1647 1100 homines
1670 1069 1710 1100 ad
1736 1067 1968 1100 contritionem
1986 1067 2186 1101 adhortandi

1202 1118 1288 1145 suni.
1334 1111 1426 1144 Haec
1448 1112 1523 1153 ipsa
1546 1112 1698 1144 contritio
1711 1117 1851 1143 vocatur
1874 1110 2084 1143 mortificatio
2094 1116 2185 1143 vete·

1202 1156 1249 1187 ris
1271 1154 1434 1194 hominis,
1470 1160 1609 1186 vocatur
1632 1155 1731 1186 etiam
1757 1154 1902 1197 cognitio
1931 1154 2076 1196 peccati,
2099 1163 2185 1188 eam·

1202 1208 1267 1241 que
1286 1197 1380 1230 Deus
1405 1198 1555 1230 immittit.
1569 1199 1614 1235 ⁵⁷)

1289 1241 1443 1273 Secunda
1466 1240 1687 1282 poenitentiae
1709 1250 1788 1282 pars
1808 1246 1859 1272 est
1877 1237 2061 1277 confessio,
2085 1248 2187 1281 quum

1201 1283 1277 1316 Deo
1301 1283 1496 1315 confitemur
1518 1288 1668 1325 peccata,
1690 1283 1712 1314 i.
1733 1293 1762 1315 e.
1786 1281 1928 1314 fatemur
1951 1292 2014 1313 nos
2036 1281 2109 1314 iure
2131 1292 2187 1323 pu-

1200 1329 1273 1359 niri.
1319 1326 1361 1358 Et
1394 1332 1506 1357 tamen
1539 1335 1696 1368 rogamus
1731 1325 1882 1364 veniam,
1917 1325 2008 1357 iturta
2041 1322 2132 1356 Psal.
2155 1323 2187 1357 3.

1201 1369 1290 1408 Dixi,
1314 1369 1501 1401 confitebor
1522 1369 1686 1401 adversus
1708 1379 1761 1400 me
1783 1367 1993 1408 iniustitiam,
2023 1373 2055 1399 81
2078 1374 2113 1400 111
2134 1377 2188 1400 re·

1202 1413 1319 1445 misisti
1335 1412 1538 1454 iniquitatem
1551 1413 1596 1450 5Θ)
1619 1412 1748 1453 peccati
1771 1411 1845 1444 mei.
1878 1410 1941 1443 Est
1964 1417 1997 1443 et
2018 1410 2086 1443 alia
2109 1421 2189 1444 con·

1203 1455 1318 1492 fessio,
1343 1465 1430 1498 quae
1453 1455 1490 1487 fit
1512 1455 1692 1494 sacerdoti,
1714 1455 1748 1487 in
1770 1455 1834 1487 hac
1855 1464 1923 1487 non
1947 1460 2000 1486 est
2022 1454 2187 1498 exigenda

1204 1497 1404 1541 scrupulosa
1427 1499 1594 1531 enarratio
1619 1498 1765 1531 omnium
1797 1497 1996 1530 debitorum:
2027 1503 2079 1529 est
2102 1497 2190 1529 enim

1203 1541 1426 1586 impossibile,
1449 1543 1539 1574 iuxta
1561 1540 1644 1573 illud
1667 1540 1779 1574 Psal.:
1814 1540 1947 1573 Delicta
1970 1541 2044 1583 quis
2068 1538 2188 1573 intelli·

1205 1586 1276 1630 git?
1321 1586 1388 1618 Sed
1411 1592 1521 1618 tamen
1544 1585 1586 1623 ad
1610 1584 1854 1617 Eucharistiam
1885 1593 1982 1616 nemo
2015 1584 2190 1616 admitten-

1205 1631 1267 1662 dus
1291 1636 1359 1668 est,
1382 1629 1447 1661 nisi
1477 1634 1575 1660 antea
1599 1626 1805 1670 exploratus.
1851 1627 2055 1670 interrogari
2078 1632 2189 1659 autem

1206 1673 1347 1711 debent,
1382 1683 1447 1704 non
1473 1677 1596 1703 tantum
1625 1671 1703 1713 quid
1727 1671 1768 1703 118
1791 1670 2002 1703 Eucharistia
2032 1670 2189 1708 sentiant,

1204 1716 1266 1748 sed
1290 1717 1397 1753 etiam,
1427 1725 1468 1747 an
1493 1713 1646 1753 doleant,
1677 1724 1716 1746 se
1738 1723 1922 1755 peccasse,
1947 1713 2036 1755 quod
2051 1714 2096 1750 ⁵⁰)
2119 1722 2191 1744 cre·

1206 1760 1283 1791 dant
1313 1769 1350 1790 se
1381 1758 1541 1800 consequi
1576 1767 1680 1799 posse
1707 1757 1937 1789 remissionem
1966 1761 2190 1798 peccatorum.

178 1818 241 1839 nec
264 1807 347 1838 satis
372 1807 499 1844 eruditi,
522 1805 553 1837 hi
573 1805 702 1837 sinendi
727 1810 803 1836 sunt
821 1814 902 1836 suae
915 1804 1152 1841 conscientiae,
1176 1797 1181 1830 l
1205 1803 1327 1835 Postea
1350 1801 1504 1833 hortandi
1528 1807 1626 1839 sunt,
1662 1805 1698 1833 ut.
1720 1805 1930 1842 proponant,
1961 1799 1990 1830 si
2016 1808 2082 1850 quo
2107 1808 2190 1832 casu

179 1857 214 1882 ut
237 1849 342 1881 altera
366 1850 479 1890 specie
510 1855 634 1881 tantum
665 1854 809 1880 utantur.
854 1846 895 1879 Et
925 1846 979 1879 hic
1010 1847 1151 1878 docendi

180 1900 256 1925 sunt
280 1893 439 1930 homines,
462 1903 503 1923 ne
526 1891 610 1924 alter
633 1890 773 1923 alterum
797 1890 928 1922 iudicet.

264 1935 386 1974 Tertio,
410 1935 498 1978 quod
521 1934 660 1967 maxime
685 1934 912 1966 necessarium
931 1938 994 1972 est,
1017 1933 1152 1965 mandu-

181 1979 310 2011 catione
333 1977 498 2020 corporali
522 1989 587 2010 non
611 1977 780 2010 iustificari
799 1976 962 2015 hominen,
986 1977 1045 2008 scd
1062 1987 1152 2008 man-

180 2023 388 2054 ducationem
411 2032 486 2053 esse
509 2023 649 2065 signum,
683 2021 773 2063 quod
804 2031 866 2053 nos
889 2021 1087 2059 admoneat,
1116 2025 1153 2052 111

181 2066 367 2097 credamus.
382 2067 426 2100 ⁵⁵)
461 2065 669 2108 Augustinus
688 2070 787 2096 vocat
810 2070 1054 2096 sacramentum
1078 2063 1155 2095 visi-

182 2107 246 2140 bile
259 2110 407 2147 vertmm,
430 2109 507 2151 quia
530 2119 596 2140 non
619 2107 715 2140 aliter
733 2107 834 2140 habet
858 2117 907 2146 se,
930 2117 1028 2149 quam
1048 2108 1154 2149 ipsum

182 2151 358 2194 corporale
382 2154 527 2183 verbum.
573 2150 616 2182 lJt
639 2152 724 2183 enim
755 2151 786 2182 in
811 2161 923 2182 aurem
955 2150 1061 2191 ipsum
1086 2161 1155 2182 ver-

182 2197 259 2227 bum
284 2195 453 2233 currit,⁵‘³›
487 2202 521 2226 ut
546 2201 694 2233 monent,
729 2195 779 2225 sic
802 2194 1051 2226 Sacramentum
1083 2204 1155 2225 cur·

182 2239 222 2270 rit
239 2241 282 2272 Μ)
306 2239 337 2270 in
361 2236 490 2276 oculos,
513 2244 547 2270 ut
571 2243 701 2269 1110118111
721 2248 782 2269 nos
803 2237 1055 2279 promissionum
1077 2238 1155 2269 ‹livi-

183 2292 307 2313 narum.
332 2289 363 2313 et
387 2283 508 2314 excitet
531 2281 573 2313 nd
593 2281 804 2313 credendum.
849 2280 956 2312 Porro
979 2281 1156 2323 promissio

184 2325 313 2356 adnexa
336 2324 411 2357 huic
435 2325 652 2357 Sacramenta
676 2324 758 2357 haec
782 2330 846 2362 est,
869 2324 1000 2366 Corpus
1023 2322 1156 2356 Domini
1182 2340 1187 2396 Ι

185 2445 230 2473 δ-Ἰ)
250 2445 322 2469 ‘'nnt.
344 2445 517 2469 M-tumhnnia
542 2448 664 2479 nri-{penno
689 2448 714 2471 in
734 2446 809 2471 huin.-
833 2445 955 2478 Corporis
975 2446 1035 2470 vul.
1056 2445 1160 2470 xxm.
1182 2424 1187 2434 ·

254 2481 299 2503 nuh
319 2488 355 2503 nr.
377 2481 408 2504 Χ.
430 2489 454 2504 rr·
474 2490 553 2506 11111111.

185 2531 233 2561 Μ)
252 2532 349 2563 navt!
371 2532 402 2555 ..h
422 2533 468 2557 ild,
489 2535 513 2557 ¹1.
534 2533 602 2556 aba

185 2583 232 2613 ὁὸ)
253 2589 278 2606 111
298 2584 453 2615 rto-flamm]
476 2585 522 2608 Far
544 2587 565 2608 2.
586 2590 611 2607 111
631 2586 771 2614 cro-utumns.
790 2585 865 2609 nohis
885 2583 979 2609 remitti
999 2589 1113 2616 peccata.

185 2635 232 2663 bo)
252 2636 340 2666 currit!
363 2636 407 2659 m.
430 2637 451 2659 2.
474 2635 544 2659 tm«
563 2641 662 2669 utruque
679 2637 741 2661 1⁶00:
763 2638 868 2662 incurrit

1204 1846 1346 1878 maxime
1358 1850 1536 1887 anguntur.
1573 1843 1632 1875 Est
1653 1844 1752 1875 etiam
1772 1842 2003 1885 exponendum
2017 1851 2078 1880 etS,
2101 1841 2192 1884 quod

1204 1888 1298 1921 Deus
1322 1887 1411 1920 dedit
1435 1887 1549 1919 claves
1573 1885 1741 1919 ecclesiae
1765 1887 1838 1918 vice
1861 1891 1893 1917 et
1916 1885 1993 1917 loco
2018 1884 2099 1924 Dei,
2132 1884 2192 1917 ita-

1205 1942 1269 1975 que
1303 1930 1524 1964 absolutionis
1552 1930 1737 1962 sententiae
1765 1929 1904 1961 credant
1931 1935 2070 1971 propter
2098 1926 2192 1961 Chri-

1205 1982 1305 2015 stum,
1328 1981 1360 2007 et
1402 1971 1469 2007 uod
1493 1972 1646 2005 Christus
1669 1972 1783 2005 audire
1807 1971 1905 2011 velit,
1936 1981 2020 2004 sane
2043 1976 2193 2014 sperant,

1206 2020 1297 2053 iuxta
1315 1986 1411 2051 iunii:
1436 2017 1500 2049 Ubi
1520 2016 1585 2049 duo
1611 2022 1705 2048 erunt
1731 2016 1928 2059 congregati
1952 2021 2014 2048 etc.
2032 2016 2076 2052 ⁶⁰)

1294 2059 1488 2095 Satissactio
1512 2060 1557 2092 ita
1581 2060 1733 2092 docenda
1756 2066 1820 2098 est,
1845 2069 1912 2091 non
1932 2067 2011 2090 esse
2027 2056 2125 2090 aliam
2142 2063 2193 2090 sa·

1208 2105 1442 2144 tissactionem,
1465 2104 1528 2136 nisi
1549 2104 1740 2146 passionem
1754 2101 1889 2137 Christi,
1915 2109 1946 2134 et
1970 2102 2019 2133 sic
2038 2109 2191 2134 movean-

1208 2156 1262 2182 tur
1285 2155 1317 2182 et
1332 2151 1378 2184 ⁶¹)
1403 2153 1565 2191 augeatur
1588 2147 1637 2179 eis
1652 2149 1696 2180 ⁰²)
1722 2147 1896 2184 contritio,
1925 2151 2100 2187 tantopere
2128 2143 2193 2176 diz-

1208 2192 1331 2237 plice1·e
1351 2190 1428 2224 Deo
1452 2197 1646 2233 peccatum,
1679 2195 1713 2221 ut
1737 2188 1830 2221 nulla
1854 2195 2010 2221 creatura
2032 2199 2093 2230 pro
2139 2195 2192 2219 ec-

1211 2236 1293 2270 catis
1327 2233 1522 2268 satisiacere
1550 2233 1712 2277 potuerit,
1748 2233 1808 2265 scd
1843 2233 1950 2275 ipsum
1984 2229 2092 2264 solum
2115 2197 2191 2263 ffiei

1212 2377 1258 2409 ὑῒ)
1280 2372 1414 2407 immittit]
1436 2374 1485 2398 Ed.
1507 2373 1530 2398 2.
1552 2372 1639 2397 omen.

1213 2431 1259 2458 iffi)
1279 2426 1451 2460 iniquitatem}
1475 2426 1523 2449 Ed.
1543 2427 1565 2450 ¹2.
1587 2427 1743 2457 impietatem

1213 2482 1259 2509 ⁵0)
1278 2479 1359 2512 11111111]
1382 2479 1428 2503 Ed.
1449 2479 1472 2501 ¹2.
1493 2477 1624 2509 quomodo

1213 2533 1260 2565 60)
1281 2537 1305 2555 ct
1324 2531 1391 2563 quod
1411 2530 1526 2554 Christus
1547 2543 1578 2548 -
1598 2529 1748 2560 congregati
1769 2527 1829 2561 cto]
1850 2529 1875 2551 ιἰι
1893 2526 1942 2552 Ed.
1962 2526 1986 2550 2.
2006 2525 2099 2550 dau.

1214 2585 1262 2616 61)
1282 2587 1433 2608 moveantur
1453 2582 1488 2614 ot]
1510 2591 1534 2605 m
1553 2581 1601 2606 Ed.
1622 2582 1645 2605 2.
1666 2589 1754 2605 omum
1773 2584 1836 2604 nme.

1215 2637 1262 2666 (32)
1283 2636 1329 2668 uis!
1351 2636 1398 2660 Ed.
1420 2636 1443 2659 Ἰ.
1464 2636 1488 2659 in
1508 2636 1544 2659 eis
