2324 2944
101 154 166 187 37⁷
675 150 711 182 ll.
741 135 798 180 *L-
845 147 1092 181 CONFESSIO
1115 146 1390 180 AUGUSTANA
1412 147 1525 181 lPSA.
2041 145 2106 179 378

101 247 258 289 Episcopi
291 257 352 287 pro
382 257 444 277 suo
476 243 588 277 officio
622 250 701 276 ante
729 243 815 275 haec
845 250 996 284 tempora
1027 253 1082 274 co-
1106 254 1109 270 τ
1130 253 1191 284 pro
1219 242 1363 274 omnium
1394 241 1552 283 peccatis.
1599 240 1661 272 Hic
1692 241 1812 281 honos,
1831 240 1985 282 sacrificij
2018 241 2108 273 Chri-

101 290 313 322 hercuissent
343 289 513 320 auaritiam
541 294 640 329 atque
669 287 902 328 impudentiam
927 297 987 317 scu
1012 297 1081 317 mo·
1106 282 1185 326 {sti,
1208 295 1274 316 non
1305 285 1403 317 debet
1431 282 1602 315 transferri
1632 286 1663 314 in
1697 294 1781 324 opus
1811 285 2008 315 sacerdotis.
2052 284 2107 315 Di-

102 333 294 366 naehorum,
317 341 378 362 seu
400 330 550 368 aliorum,
569 331 636 371 qui,
659 335 782 360 mutato
809 330 933 360 veteris
964 329 1081 361 Eccle-
1106 328 1109 358 9
1130 334 1219 360 serte
1243 328 1328 359 enim
1358 328 1454 365 dicit,
1488 338 1553 359 vna
1584 326 1753 358 oblatione
1788 333 1924 358 sanctos
1954 336 2107 358 consum-

102 376 172 407 siae
193 384 302 412 more,
327 373 452 405 Missas
475 373 518 404 ad
541 378 715 414 quaestum
740 371 961 404 contulerunt.
1106 361 1110 391 l
1129 376 1237 402 matos
1260 380 1346 402 esse.
1392 371 1446 401 Ad
1469 371 1554 401 haec
1577 370 1707 411 impium
1739 377 1809 408 est,
1840 370 1991 401 fiduciam
2023 380 2108 412 quae

191 434 257 465 Sed
281 435 406 465 abusus
429 431 486 472 iffi,
509 443 549 463 cx
572 442 636 473 quo
667 430 759 463 fonte
788 432 852 462 orti
886 431 968 469 §ints
993 432 1082 463 dice-
1105 411 1110 457 ξ
1130 414 1187 444 niti
1210 414 1308 445 debet
1330 414 1404 454 ipsa
1429 412 1593 453 pontificis
1617 412 1740 443 Christi
1765 412 1932 443 oblatione
1957 419 1989 444 et
2012 413 2108 444 inter-

102 487 185 509 mus.
231 477 349 517 Opinio
369 482 418 507 est
441 485 561 517 sparsa
584 475 614 505 in
640 473 838 511 Ecclesiam,
869 474 957 515 quod
977 484 1082 505 coena
1105 459 1110 532 Ι
1130 466 1295 493 ⁰³⁵⁵¹⁰¹¹⁶³
1318 454 1500 487 “aufferre
1524 466 1557 487 ¹¹¹
1577 466 1660 496 ΟΡυς
1686 456 1885 487 sacerdon*

101 519 234 552 Domini
264 520 307 550 sit
340 529 441 560 opus,
478 518 566 560 quod
602 515 807 548 celebratum
842 527 860 547 a
894 517 1109 555 sacerdote,x
1215 511 1371 542 Tertium.
1417 511 1452 542 ln
1483 511 1687 542 institutione
1723 521 1848 542 coenae
1881 510 2014 542 Domini
2042 522 2109 543 non

101 567 268 595 mereatur
290 563 517 593 remissionem
542 566 767 601 peccatorum,
791 559 912 601 culpae
942 566 974 590 et
1003 569 1082 601 poe·
1105 555 1262 586 ‘mandat
1296 553 1452 585 Christus
1482 561 1517 584 vt
1551 553 1691 585 offerant
1720 554 1914 585 sacerdotes
1950 564 2009 594 pro
2033 553 2109 596 alijs

101 615 176 643 nae,
199 603 331 636 facienti
355 611 386 636 et
409 603 497 645 alijs,
521 604 620 644 idque
644 612 684 633 ex
709 612 809 643 opere
834 607 983 643 operato,
1009 603 1082 634 sine
1129 598 1214 629 vluis
1239 607 1279 628 1¹0
1301 599 1454 635 mortuis,
1478 596 1551 632 Qua
1579 597 1677 638 igitur
1707 597 1884 628 autoritate
1914 595 1968 627 hic
1997 595 2108 628 cultus

101 649 190 681 bono
225 653 315 678 motu
349 647 481 678 vtentis.
538 645 617 677 item
652 647 742 687 quod
783 644 983 687 applicatum
1019 656 1081 687 pro
1129 646 1285 682 tanquam
1316 638 1438 671 oblatio
1468 650 1530 680 pro
1559 640 1726 680 peccatis,
1755 640 1826 670 sine
1860 640 2016 671 mandato
2045 640 2109 671 Dei

101 690 252 728 mortuis,
275 691 317 721 sit
339 688 611 726 satisfactorium,
643 688 709 719 hoc
738 694 807 725 est,
832 694 998 719 mereatur
1026 689 1076 719 eis
1105 669 1110 744 Ι

101 732 329 765 remissionem
363 742 547 774 poenarum
582 730 778 773 purgatorij.
829 731 884 763 Sic
925 731 1083 771 interpre-

101 782 212 808 tantur
223 775 433 813 sacrificium,
443 776 487 806 ²⁰)
498 784 571 805 cum
584 773 721 805 Missam
735 780 858 810 vocant
868 774 1082 812 sacrificium,

101 828 187 860 opus
211 816 376 855 videlicet,
389 817 477 858 quod
490 815 689 857 applicatum
703 827 763 856 pro
776 816 864 858 alijs,
877 823 1020 848 meretur
1034 817 1081 847 eis

100 860 329 891 remissionem
353 859 472 899 eulpae
496 865 527 889 et
549 868 749 899 poenarum,
782 860 881 900 idque
910 870 950 890 ex
979 869 1082 900 opere

101 907 240 944 operato
258 903 330 933 sine
349 903 437 933 bono
460 907 549 931 motu
573 901 707 932 vtentis.
742 900 798 932 Sic
818 902 1083 942 interpretantur

1130 684 1162 714 in
1185 682 1337 714 Ecclesia
1362 683 1530 714 institutus
1554 683 1629 714 est?

1217 723 1321 757 Multo
1349 726 1527 757 absurdius
1563 732 1632 763 est,
1666 725 1755 767 quod
1796 724 1899 756 Missa
1936 723 2109 757 confertur

1129 769 1172 800 ad
1191 767 1380 800 liberandas
1404 769 1530 799 animas
1561 774 1780 799 mortuorum.
1812 767 1897 798 Nam
1928 767 2034 799 Missa
2063 768 2108 799 in-

1130 812 1245 843 stituta
1267 818 1319 842 est
1338 812 1379 842 ad
1410 812 1691 847 recordationem,
1720 811 1785 842 hoc
1808 816 1877 847 est,
1916 818 1947 841 vt
1978 817 2108 842 vtentes

1131 865 1236 886 coena
1266 854 1398 885 Domini
1434 854 1665 885 recordatione
1702 853 1854 894 bencficij
1889 852 2012 885 Chris-zi
2046 855 2107 885 eri-

1130 902 1209 939 gant
1232 903 1263 928 et
1288 896 1481 927 confirment
1506 896 1615 934 fidem,
1636 903 1665 927 et
1690 895 1907 928 consolentur
1935 899 2107 928 conscien-

101 943 303 977 oblationem
337 955 358 976 a
391 945 568 974 sacerdote
597 942 669 975 ficri
697 944 729 974 in
759 943 863 975 Missa
892 954 953 984 pro
984 944 1081 982 vinis,
1128 941 1191 971 tias
1215 938 1484 980 perterrefactas.
1531 939 1601 971 Nec
1625 939 1729 970 Missa
1753 939 1934 971 satisfactio
1966 946 2018 971 est
2045 950 2106 981 pro

100 993 134 1020 et
155 987 303 1019 mortuis.
338 987 410 1019 Hac
432 986 651 1028 persuasione
673 993 820 1027 recepta,
842 987 906 1017 iam
929 987 1081 1018 homines
1128 992 1252 1024 poena,
1275 983 1334 1013 sed
1357 982 1508 1013 instituta
1533 989 1583 1014 cst
1613 989 1749 1024 propter
1778 983 2007 1014 remissionem
2038 981 2108 1015 cul—

100 1031 284 1062 docuerunt
329 1039 471 1071 querere
512 1029 741 1060 remissionem
786 1035 1001 1070 peccatorum
1048 1034 1080 1060 et
1127 1035 1211 1065 Fae,
1245 1024 1418 1063 videlieet,
1448 1035 1514 1056 non
1543 1031 1578 1057 vt
1609 1026 1651 1055 sit
1686 1024 1870 1057 satisfactio
1901 1036 1961 1066 pro
1996 1025 2107 1067 culp&

100 1073 206 1105 omnis
229 1074 361 1114 generis
380 1074 479 1110 bona,
499 1072 589 1109 Item,
604 1070 904 1113 liberareapoenis
919 1077 1080 1110 mortuos,
1127 1068 1187 1098 sed
1211 1073 1246 1098 vt
1269 1068 1311 1098 sit
1334 1073 1595 1105 sacramentum,
1620 1078 1685 1109 quo
1709 1075 1838 1100 vtentes
1870 1069 2108 1101 admoneamur

84 1114 262 1148 beneficio
284 1114 422 1147 Missae.
456 1115 528 1146 Nec
552 1113 719 1145 referebat
743 1124 762 1145 a
786 1113 939 1156 qualibus
963 1114 1081 1145 fierent
1103 1111 1108 1161 ἰ
1127 1110 1279 1151 beneficij
1312 1109 1435 1141 Christi
1464 1116 1497 1142 et
1525 1111 1731 1142 remissionis
1763 1110 1890 1151 culpae.
1938 1111 2019 1143 Cum
2049 1112 2107 1154 igi-

99 1157 242 1196 Missae,
276 1159 352 1199 quia
389 1158 555 1189 docebant
589 1167 646 1187 eas
682 1158 844 1198 prodesse
878 1156 972 1198 alijs,
1007 1157 1080 1188 sine
1104 1159 1180 1185 ttur
1203 1152 1260 1184 illa
1283 1151 1462 1194 applicatio
1486 1163 1612 1185 coenae
1634 1153 1765 1185 Domini
1791 1156 1833 1185 ad
1858 1161 2006 1186 mortuos
2030 1153 2107 1186 libe-

99 1202 188 1232 bono
212 1206 302 1232 motu
328 1201 459 1232 vtentis.
495 1199 623 1231 Deinde
646 1201 860 1241 querebatur,
884 1205 991 1231 vti-um
1014 1210 1080 1231 vna
1103 1195 1108 1261 Λ
1128 1196 1264 1234 randos,
1288 1197 1360 1227 sine
1384 1197 1569 1237 scripturae
1591 1198 1779 1235 autoritate,
1798 1198 1862 1228 imo
1887 1204 2002 1229 contra
2026 1199 2107 1229 scri-

98 1242 205 1274 Missa
228 1244 315 1274 dicta
338 1253 399 1285 pro
416 1237 585 1284 pluribus,
608 1243 800 1273 tantundem
830 1244 953 1284 prosit,
979 1253 1078 1285 quan·
1104 1267 1106 1272 .
1126 1245 1276 1281 pturam,
1301 1244 1436 1279 recepta
1460 1240 1516 1277 sit,
1542 1239 1726 1271 damnanda
1757 1246 1807 1272 est
1823 1263 1831 1277 ,
1864 1247 2019 1282 tanquam
2051 1251 2107 1272 no-

97 1291 166 1318 tum
188 1285 340 1328 singulae
363 1297 424 1327 pro
447 1284 599 1328 singulis.
645 1285 737 1317 Haeo
760 1286 940 1326 disputatio
965 1291 998 1317 et
1021 1296 1079 1317 nu·
1103 1276 1108 1312 l
1127 1292 1189 1314 uus
1213 1288 1245 1313 et
1268 1282 1386 1323 impius
1409 1281 1527 1314 cultus.

97 1339 223 1360 merum
247 1329 441 1369 Missarum‚
470 1334 502 1360 et
530 1333 702 1370 quaestum
732 1329 765 1359 in
787 1328 947 1360 infinitum
977 1329 1079 1367 auxit,
1103 1332 1107 1392 Ι
1213 1325 1384 1360 Quartum.
1427 1325 1622 1357 Ceremonia
1645 1326 1717 1357 sine
1740 1326 1805 1356 fide
1827 1327 1858 1356 in
1882 1335 1970 1357 nouo
1993 1325 2106 1358 Testa-

97 1371 166 1404 Sed
195 1382 258 1404 nos
285 1372 351 1404 iam
380 1382 447 1404 non
478 1372 520 1403 de
549 1376 691 1414 quaestu
720 1371 944 1412 disputamus,
967 1372 1080 1413 impie·
1103 1393 1105 1398 s
1125 1374 1238 1400 mento
1267 1367 1346 1399 nihil
1374 1374 1520 1400 meretur
1545 1378 1606 1400 nec
1635 1367 1786 1407 facienti,
1821 1379 1883 1401 nec
1917 1368 2002 1411 alijS.
2048 1369 2108 1401 Est

97 1420 199 1447 tatem
222 1425 434 1447 accusamus.
479 1413 613 1447 Docent
636 1415 721 1445 enim
739 1415 866 1453 nostri,
894 1414 982 1446 hanc
1010 1414 1078 1456 opi·
1127 1411 1211 1443 enim
1235 1421 1320 1453 opus
1343 1417 1517 1452 mortuum,
1540 1413 1631 1444 iuxta
1653 1411 1734 1445 illud
1758 1411 1900 1451 Christi,
1923 1412 2005 1444 Veri
2028 1414 2107 1444 ado-

97 1459 229 1490 nionem
252 1458 294 1489 de
315 1459 432 1490 merito
462 1464 494 1489 et
523 1457 748 1499 applicatione
781 1456 926 1497 Missae,
955 1456 1079 1489 falsam
1102 1448 1256 1505 {ratores
1287 1455 1473 1487 adorabunt
1511 1461 1638 1497 partem
1671 1456 1704 1487 in
1734 1456 1852 1496 spiritu
1889 1461 1922 1488 et
1957 1456 2106 1487 veritate.

98 1506 131 1533 et
151 1501 283 1542 impiam
306 1511 392 1533 esse.

97 1548 164 1583 tus,
187 1544 240 1575 Ac
261 1542 362 1576 facile
385 1550 438 1577 est
460 1543 525 1586 pijs
548 1544 702 1576 iudicium
732 1544 772 1575 de
799 1543 865 1575 hac
894 1554 997 1576 causa
1011 1568 1020 1583 ,
1050 1544 1079 1575 si

99 1587 172 1629 quis
195 1588 359 1629 expendat
383 1592 579 1630 argumenta
602 1597 688 1629 quae
711 1593 905 1628 sequuntur.

185 1646 341 1679 Primum.
375 1647 484 1688 Supra
507 1648 712 1680 ostendimus
737 1647 898 1689 consequi
927 1647 1078 1679 homines

99 1690 328 1721 remissionem
351 1696 566 1731 peccatorum
596 1691 700 1733 gratis
729 1690 812 1730 fide,
844 1691 877 1722 id
902 1696 969 1729 est,
1000 1690 1079 1722 fidu-

100 1733 153 1765 cia
175 1733 422 1765 misericordiae
447 1740 584 1775 propter
614 1732 791 1765 Christum.
837 1733 928 1776 Ergo
957 1735 1079 1775 impos-

99 1775 197 1807 sibile
224 1782 276 1808 est
303 1778 461 1818 consequi
493 1777 721 1809 remissionem
756 1783 967 1818 peccatorum
1002 1787 1078 1818 pro-

98 1823 172 1860 pter
192 1818 335 1851 alienum
358 1830 456 1860 opus,
479 1826 512 1851 et
535 1821 665 1862 quidem
690 1821 762 1852 sine
792 1821 879 1851 bono
907 1827 1016 1858 motu,
1045 1821 1077 1851 id

99 1867 163 1900 est,
185 1862 257 1893 sine
279 1861 344 1893 fide
372 1863 517 1904 propria.
563 1863 654 1894 Haec
683 1865 767 1894 ratio
796 1863 878 1894 satis
909 1862 999 1895 clare
1027 1873 1078 1894 re-

98 1903 184 1937 futat
204 1904 295 1937 illam
324 1906 553 1948 prodigiosam
584 1912 615 1937 et
645 1906 775 1948 impiam
805 1906 1010 1947 opinionem,

99 1949 217 1980 merito
241 1954 272 1980 et
294 1947 514 1991 applicatione
537 1948 674 1980 Missae.

154 2010 164 2020 ·
187 1999 387 2032 Secundum.
433 2000 549 2032 Passio
574 2000 698 2033 Christi
721 2000 781 2032 suit
811 1999 935 2032 oblatio
965 2008 998 2032 et
1026 2011 1078 2032 sa-

99 2040 257 2081 tisfactio,
280 2053 347 2075 non
370 2042 479 2076 solum
504 2055 564 2086 pro
588 2042 687 2085 culpa
710 2044 866 2086 originis,
897 2045 956 2075 sed
981 2044 1078 2075 etiam

98 2095 160 2127 pro
183 2087 334 2118 omnibus
357 2086 492 2128 reliquis
516 2088 683 2128 peccatis,
711 2093 746 2118 vt
768 2088 812 2118 ad
841 2086 970 2118 Ebreos
996 2088 1078 2119 scri-

99 2135 191 2171 ptum
225 2135 292 2169 est,
323 2129 527 2162 Sanctificati
555 2140 669 2163 sumus
694 2141 754 2172 per
784 2131 970 2161 obatlonem
1004 2130 1079 2162 lesu

100 2171 224 2204 Christi
252 2171 367 2204 semel.
413 2172 494 2205 Item
528 2173 603 2205 Vna
634 2173 804 2205 oblatione
835 2174 1106 2206 consummauit.

99 2215 133 2247 in
165 2221 377 2258 perpetuum,
421 2225 481 2248 eos
515 2217 570 2258 qui
604 2216 866 2250 sanctificantur.
924 2215 1076 2258 Denique

100 2258 188 2290 bona
210 2268 289 2300 pars
312 2257 482 2300 Epistolae
505 2260 547 2291 ad
569 2255 709 2292 Ebreosx
723 2260 927 2292 consumitur
958 2260 990 2291 in
1013 2259 1078 2291 han

100 2303 264 2334 sententia
287 2301 530 2338 confirmanda,
557 2304 646 2345 quod
669 2302 777 2335 solum
804 2302 927 2334 Christi
952 2302 1077 2334 sacrifi·
1101 2308 1105 2344 1

101 2345 186 2376 cium
207 2345 360 2377 meruerit
393 2344 468 2387 alijs
503 2347 733 2379 remissionem
767 2352 981 2387 peccatorum
1016 2345 1105 2394 seu.

99 2388 411 2420 reconciliationem.
462 2389 584 2431 lnquit,
621 2389 699 2422 ldeo
735 2390 913 2432 quotannis
939 2389 1105 2431 repetita·

100 2441 176 2463 esse
198 2431 346 2463 Leuitica
370 2431 552 2470 sacrificia,
582 2433 658 2474 quia
682 2443 748 2465 non
772 2431 979 2464 aboleuerint
1002 2443 1077 2474 pec-
1102 2445 1106 2483 Ι

100 2480 184 2507 cata.
218 2474 285 2506 Sed
308 2474 431 2506 Chi-isti
455 2475 620 2507 sacrificio
643 2475 749 2508 semel
771 2474 978 2508 satisfactum
1001 2485 1078 2507 esse
1102 2486 1105 2502 ι

1102 1985 1106 2010 ἱ

1037 1907 1147 1938 dev

438 1500 500 1533 Hic
521 1507 576 1534 est
597 1499 696 1533 huius
727 1501 981 1533 controuersiae
1011 1506 1078 1532 sta·
1104 1498 1214 1530 ildem
1238 1499 1359 1539 probat
1381 1503 1485 1529 totum
1509 1505 1607 1540 caput
1632 1499 1680 1531 ll.
1704 1500 1747 1530 ad
1769 1498 1911 1530 Ebreos.
1946 1498 2027 1531 Fide
2049 1509 2106 1540 po-

1126 1542 1243 1573 tiorem
1266 1540 1407 1572 hostiam
1427 1540 1544 1573 obtulit
1572 1540 1671 1573 Abel.
1716 1542 1815 1579 Item,
1843 1542 1923 1574 Sine
1951 1541 2016 1573 fide
2049 1544 2106 1574 im-

1125 1584 1287 1626 possibile
1310 1590 1361 1616 est
1385 1583 1520 1625 placere
1543 1583 1629 1616 Deo.
1676 1585 1765 1627 Ergo
1789 1584 1897 1616 Missa
1914 1595 1982 1617 non
2006 1595 2106 1617 mere-

1126 1635 1179 1659 tur
1202 1627 1431 1659 remissionem
1455 1626 1574 1669 culpae
1597 1635 1653 1660 aut
1681 1639 1820 1670 poenae,
1838 1638 1880 1660 cx
1898 1638 1999 1670 opere
2028 1638 2106 1670 ope-

1126 1676 1210 1703 rato.
1255 1670 1346 1702 Haec
1368 1671 1453 1702 ratio
1475 1671 1652 1713 perspicue
1674 1670 1796 1704 refutat
1823 1672 1991 1711 meritum,
2014 1672 2106 1713 quod

1128 1721 1262 1752 vocant,
1287 1724 1327 1745 ex
1351 1724 1454 1756 opere
1477 1720 1626 1756 operato.

1212 1756 1379 1792 Quintum.
1429 1757 1509 1789 Fide
1543 1758 1679 1799 propria
1708 1757 1743 1789 fit
1771 1756 1948 1799 applicatio
1981 1757 2104 1790 benefi-

1126 1801 1167 1842 cij
1192 1799 1332 1839 Christi,
1360 1800 1455 1832 Sicut
1485 1806 1626 1832 testatur
1654 1800 1778 1833 Paulus
1807 1800 1902 1832 Rom.
1921 1800 1952 1832 3.
1999 1801 2105 1837 Quem

1124 1844 1296 1885 proposuit
1320 1842 1411 1875 Deus
1435 1844 1689 1886 propiciatorem
1712 1854 1773 1885 per
1795 1843 1912 1883 fidem,
1942 1854 2002 1885 per
2031 1854 2106 1875 san—

1127 1887 1259 1918 ‹ruinem
1283 1887 1363 1918 eius.
1398 1886 1439 1918 Et
1461 1887 1546 1919 haec
1573 1888 1751 1929 applicatio
1787 1886 1823 1918 fit
1853 1888 1970 1929 gratis.
2015 1886 2106 1929 Ergo

1125 1941 1192 1961 non
1221 1930 1257 1961 fit
1295 1929 1489 1972 applicatio,
1524 1929 1633 1963 alieno
1675 1940 1796 1971 opere,
1831 1940 1939 1973 neque
1972 1936 2108 1971 propter

1126 1972 1268 2005 alienum
1291 1984 1387 2015 opus.
1432 1971 1515 2004 Nam
1540 1984 1613 2005 cum
1637 1974 1854 2005 sacramentis
1884 1975 2020 2012 vtimur,
2047 1983 2107 2004 no·

1126 2023 1197 2048 stro
1221 2026 1322 2058 opere
1345 2027 1388 2048 ac
1410 2023 1526 2048 nostra
1549 2016 1614 2048 fide
1636 2017 1672 2048 fit
1695 2015 1884 2058 applicatio,
1907 2027 1973 2048 non
1995 2016 2107 2048 alieno

1126 2070 1238 2101 opere.
1272 2059 1401 2091 Etenim
1431 2060 1458 2091 si
1489 2070 1556 2092 non
1585 2061 1792 2102 contingeret
1816 2061 1913 2091 nobis
1941 2059 2106 2097 remissio,

1126 2103 1188 2134 nisi
1222 2101 1396 2144 applicatis
1431 2103 1568 2144 Mis-ss,
1608 2103 1702 2135 fieret
1735 2104 1881 2142 incerta,
1920 2110 1950 2134 et
1986 2102 2106 2134 fiducia

1101 2144 1357 2183 ltransferenda
1383 2153 1475 2178 esset
1500 2157 1520 2177 a
1543 2146 1696 2185 Christe,
1728 2147 1759 2177 in
1792 2156 1876 2187 opus
1906 2146 2104 2183 sacerdotis,

1125 2190 1224 2231 idque
1247 2195 1281 2220 vt
1304 2195 1448 2228 constat,
1472 2189 1602 2222 accidit.
1649 2190 1754 2221 Porro
1783 2189 1902 2221 fiducia
1935 2187 2106 2221 collocata

1124 2233 1157 2264 in
1181 2242 1265 2275 opus
1288 2232 1444 2271 hominis,
1467 2234 1622 2265 damnata
1644 2239 1704 2265 est.

1212 2276 1303 2307 Haec
1336 2282 1532 2319 argumenta
1567 2283 1598 2307 et
1632 2274 1791 2318 pleraque
1825 2274 1908 2313 alia,
1943 2280 2107 2306 testantur

1124 2320 1316 2350 necessario
1341 2319 1576 2362 reprehensam
1600 2329 1677 2351 esse
1701 2319 1889 2360 opinionem
1918 2319 1960 2350 de
1988 2319 2105 2349 merito

1126 2368 1157 2394 et
1179 2361 1403 2404 applicatione
1424 2362 1550 2394 Missae
1579 2373 1639 2404 pro
1670 2363 1754 2393 viuis
1785 2368 1816 2393 et
1843 2362 1993 2393 mortuis.
2037 2361 2106 2392 lam

1101 2414 1106 2442 t
1126 2405 1155 2437 si
1178 2406 1454 2444 considerabitur,
1480 2416 1578 2447 quam
1601 2404 1669 2437 late
1692 2412 1832 2447 vagatus
1856 2405 1898 2436 sit
1927 2403 1982 2435 hic
2011 2414 2105 2435 error

1125 2449 1158 2480 in
1192 2448 1363 2488 Ecclesia,
1404 2449 1570 2491 quomodo
1608 2447 1672 2479 hac
1705 2448 1923 2489 persuasione
1961 2447 2106 2479 creuerit

1125 2491 1304 2524 Missarum
1333 2503 1509 2530 numerus,
1545 2502 1610 2534 quo
1645 2492 1744 2523 modo
1779 2491 1864 2523 viuis
1898 2497 1932 2522 et
1967 2490 2103 2522 mortuis

1101 2531 1105 2570 ἔ
1124 2533 1190 2567 hoc
1213 2535 1380 2567 sacrificio
1399 2536 1563 2577 promissa
1587 2535 1630 2566 sit
1653 2534 1806 2566 remissio
1832 2532 1948 2576 culpae
1971 2539 2003 2565 et
2025 2543 2103 2574 poe-

1101 2576 1200 2619 }nae,
1228 2579 1400 2621 apparebit
1428 2576 1612 2609 Ecclesiam
1640 2583 1776 2618 propter
1803 2579 1892 2609 hanc
1918 2575 2104 2618 prophana-

1125 2623 1259 2660 tionem,
1283 2621 1457 2653 horrendis
1482 2621 1629 2662 peccatis
1650 2620 1866 2653 deformatam
1889 2630 1975 2652 esse.
2016 2619 2103 2650 Nun-

98 2630 146 2662 20)
165 2629 329 2662 sacrificium]
350 2630 398 2655 Ed.
419 2631 445 2656 3.
466 2635 560 2664 typoqr.
579 2638 676 2656 mon:
696 2631 847 2656 sacrificium
