2324 2944
191 169 256 202 383

194 264 262 307 logi
297 270 328 295 et
363 263 567 294 canonistae.

194 308 341 350 ipsorum
373 304 613 344 bibliothecae,
647 306 708 337 sed
742 306 839 337 etiam
870 306 1010 337 omnium
1045 305 1173 345 piorum

197 350 440 387 conscientiae,
491 359 576 390 quae
625 347 771 380 fatentur
809 347 884 379 illas
926 347 1174 379 inextricabiles

194 393 436 434 disputationes
460 391 710 434 theologorum,
740 399 773 422 et
803 391 996 421 traditiones
1028 389 1173 422 infinitas

193 437 235 468 de
258 436 470 477 poenitentia,
494 433 685 467 horribilem
710 433 934 465 carnificinam
960 433 1175 464 conscientia-

191 490 264 511 rum
286 477 400 510 fuisse.
446 478 616 519 Nusquam
641 478 724 508 enim
749 475 927 518 quidquam
950 475 1033 507 certi
1052 475 1176 507 docent

193 523 361 565 quomodo
397 522 568 563 contingat
597 521 746 551 remissio
775 523 1009 560 peecatorum,
1039 518 1080 549 de
1109 519 1175 550 fide

192 574 331 607 prorsus
351 571 401 596 est
425 563 622 594 altissimum
647 561 823 593 silentium.
869 559 937 591 lmo
968 561 1082 593 iubent
1103 571 1176 603 per-

191 614 292 650 petuo
317 607 468 638 dubitare
491 606 532 637 de
562 605 759 636 remissione
789 610 1020 645 peccatorum,
1052 603 1176 636 Postea

192 651 386 683 excruciant
415 649 639 680 conscientias
674 647 797 679 acerba
832 647 1082 679 enumeratione
1119 646 1176 678 de-

191 693 357 730 lictorum,
381 691 458 723 ltem
482 689 780 729 satisfactionibus,
793 689 909 725 Qualis
934 691 1019 721 enim
1031 689 1175 732 laqueus

193 735 417 768 conscientiae
440 733 500 765 fuit
523 733 667 771 traditio,
692 743 778 775 quae
801 733 940 774 precipit
971 734 1081 764 omnia
1098 744 1175 776 pec-

193 785 267 812 cata
289 776 504 810 enumerare?

279 827 536 861 Satissactiones
567 837 649 859 vero
679 829 947 859 oliscurauerunt
977 828 1175 860 beneficium

192 873 326 910 Christi,
349 872 425 913 quia
447 872 543 902 etiam
568 871 655 902 docti
686 871 816 913 tingunt
844 881 903 911 per
931 880 990 902 eas
1021 881 1175 912 compen-

191 917 258 947 sari
282 921 452 946 aeternam
475 919 626 945 mortem.
671 913 798 945 indocti
828 914 989 954 putabant
1017 913 1070 945 his
1099 923 1175 953 ope-

192 960 284 990 ribus
307 958 370 989 emi
395 957 625 988 remissionem
649 955 779 998 culpae,
802 956 888 992 Quid
912 956 1002 998 quod
1031 955 1174 998 plerum·

192 1012 255 1044 que
278 1000 398 1032 suerint
421 999 531 1032 cultus
554 1010 620 1031 non
644 1000 788 1031 mandati
811 1010 831 1030 a
860 998 957 1038 Deo,
984 1002 1176 1041 βαιτολογίαι

191 1054 345 1086 precum,
376 1043 605 1075 inuocationes
634 1049 846 1081 sanctorum,
874 1043 1174 1085 peregrinationes,

191 1094 225 1120 et
247 1087 312 1119 hoc
335 1097 442 1128 genus
465 1084 547 1124 alia,
578 1085 627 1118 lta
657 1084 717 1117 suit
747 1087 867 1117 obruta
895 1086 1019 1128 ingenti
1049 1097 1174 1120 aceruo

191 1128 352 1162 inutilium
374 1139 415 1161 ac
437 1129 597 1161 malarum
621 1130 829 1170 opinionum,
858 1128 1000 1171 simplex
1024 1129 1176 1162 doctrina

192 1175 234 1205 de
270 1173 484 1214 poenitentia.
535 1172 577 1204 Et
603 1179 736 1204 constat
770 1171 881 1204 multis
911 1171 1036 1204 seculis
1065 1174 1175 1204 bonos

192 1217 404 1248 desiderasse
427 1216 612 1247 doctrinam
635 1217 813 1257 puriorem.

279 1268 388 1299 Porro
422 1267 580 1309 precipue
614 1277 698 1308 opus
734 1274 785 1298 est
815 1268 848 1299 in
871 1265 1027 1299 Ecclesia
1061 1273 1178 1299 extare

192 1311 404 1354 purissimam
427 1316 460 1342 et
482 1309 762 1352 simplicissimam
779 1311 821 1342 de
832 1311 1036 1352 poenitentia
1059 1311 1178 1342 doctri-

193 1365 281 1387 nam.
316 1354 394 1386 ldeo
417 1353 496 1385 huic
518 1352 661 1386 articulo
687 1354 830 1385 maxime
850 1355 1050 1385 studuerunt
1072 1353 1178 1385 nostri

194 1398 307 1431 lumen
323 1397 456 1435 afferre,
469 1407 566 1438 quem
589 1397 722 1440 quidem
744 1398 791 1428 ita
813 1395 1058 1439 patefecerunt,
1080 1403 1180 1438 atque

193 1440 415 1479 illustrarunt,
438 1446 474 1472 vt
497 1440 595 1471 etiam
617 1440 803 1483 aduersarij
827 1441 992 1478 saniores,
1014 1439 1181 1472 fateantur

193 1485 258 1517 hac
281 1484 314 1514 in
337 1494 375 1515 re
398 1484 484 1514 bene
507 1484 643 1515 meritos
668 1494 746 1516 esse
769 1485 811 1516 de
833 1483 1000 1515 Ecclesia.

278 1527 365 1558 Nam
395 1526 609 1567 simpliciter,
636 1525 753 1568 plane,
778 1528 851 1559 sine
880 1526 949 1559 vlla
973 1526 1181 1568 sophistica,

192 1570 410 1614 proponimus
444 1567 619 1612 Euangelij
655 1571 853 1602 sententiam
889 1571 930 1602 (le
964 1570 1180 1611 poenitentia,

194 1621 230 1646 vt
252 1612 438 1655 intelligant
460 1612 630 1652 homines,
660 1614 828 1656 quomodo
858 1615 901 1645 ad
932 1612 1102 1645 Christum
1129 1623 1182 1644 re-

197 1659 267 1690 dire
290 1657 447 1695 debeant,
471 1657 640 1698 quomodo
670 1664 922 1700 consequantur
950 1658 1182 1689 remissionem

192 1707 420 1743 peccatorum,
442 1700 498 1741 qui
522 1699 652 1739 cultus,
676 1711 762 1743 quae
785 1710 889 1744 opera
916 1700 1072 1743 placeant
1094 1700 1180 1732 Dco.

195 1745 339 1776 Primum
373 1743 534 1775 docemus
565 1745 794 1776 necessariam
825 1754 902 1776 esse
937 1744 1182 1780 contritionem,

195 1787 260 1820 hoc
284 1794 335 1819 est
360 1797 459 1818 veros
475 1793 620 1819 terrores
644 1794 677 1819 et
700 1787 836 1820 dolores
859 1789 977 1827 animi,
1001 1788 1056 1830 qni
1080 1798 1182 1831 agno-

195 1832 259 1863 scit
279 1831 364 1862 lram
387 1829 463 1868 Dei,
486 1838 518 1862 et
543 1829 635 1862 dolet
659 1841 696 1863 se
714 1841 890 1872 peccasse,
916 1838 947 1864 et
971 1832 1091 1863 desinit
1116 1842 1182 1863 ma-

194 1873 228 1906 la
263 1881 465 1916 perpetrare.
515 1874 584 1905 Etsi
618 1882 727 1906 autem
765 1875 798 1906 hi
829 1874 965 1908 dolores
996 1875 1181 1918 necessarij

196 1924 287 1955 sunt,
312 1924 421 1948 tamen
444 1917 615 1949 sciendum
639 1924 692 1950 est
714 1918 943 1950 remissionem
967 1926 1183 1961 peccatorum

195 1972 262 1993 non
287 1961 357 1991 «lari
382 1967 517 2005 propter
540 1961 733 2002 (lignitatem
747 1963 956 1993 contritionis
980 1972 1040 1994 seu
1064 1962 1182 1993 horum

197 2004 361 2036 dolorum.
409 2004 476 2035 sed
501 2004 655 2035 addenda
686 2011 736 2035 est
757 2006 857 2043 fides,
889 2007 954 2037 hoc
983 2012 1034 2037 est
1063 2005 1183 2037 fiducia

195 2046 446 2080 misericordiae
469 2048 652 2087 promissae
678 2056 813 2089 propter
837 2048 1025 2088 Christum,
1055 2055 1087 2080 et
1115 2056 1183 2079 sta-

196 2090 355 2122 tuendum
385 2095 437 2121 est
471 2090 576 2132 gratis
608 2092 726 2122 remitti
757 2099 897 2133 peccata
928 2100 1066 2134 propter
1090 2092 1183 2124 Chri-

195 2141 291 2167 stum.

283 2176 366 2209 Cum
390 2175 453 2207 hac
477 2175 541 2208 fide
565 2177 596 2208 in
621 2178 806 2209 terroribus
830 2178 894 2210 illis
912 2179 1080 2221 erigimur,
1106 2189 1184 2210 con-

197 2221 368 2262 sequimur
392 2226 485 2251 certo
510 2221 740 2252 remissionem
767 2229 997 2263 peccatorum,
1022 2223 1108 2254 sicut
1131 2233 1184 2253 su-

196 2276 257 2306 pra
281 2264 509 2302 ostendimus,
543 2263 583 2294 Et
616 2265 703 2295 lianc
735 2265 832 2297 fidem
863 2266 1053 2307 concipiunt
1084 2266 1182 2297 animi

197 2319 236 2339 ex
268 2305 470 2349 Euangelio,
500 2306 579 2338 ltcm
611 2318 651 2339 ex
683 2308 925 2347 Absolutione,
954 2320 1040 2351 quae
1074 2308 1183 2340 Euan-

198 2350 320 2391 gelium
354 2351 535 2381 annunciat
568 2358 598 2382 et
635 2350 783 2393 applicat
818 2351 1066 2393 perterrefactis
1105 2363 1182 2384 con-

196 2394 367 2426 scientiis.
415 2393 558 2436 ldeoque
586 2395 707 2427 «locent
735 2397 841 2427 nostri
871 2396 1075 2428 retinendam
1106 2406 1184 2428 esse

196 2439 229 2470 in
265 2435 427 2469 Ecclesiis
463 2438 625 2469 priuatam
657 2437 931 2479 Absolutionem,
962 2439 1001 2470 Et
1036 2440 1108 2470 eius
1138 2439 1184 2471 di-

196 2483 366 2556 fnhatem,
384 2487 416 2511 et
429 2486 632 2521 potestatem
656 2480 799 2515 cla‘uinm
811 2485 900 2515 veris
913 2489 945 2515 et
968 2483 1184 2525 amplissimis

211 2525 351 2557 nudibus
374 2530 510 2562 ornant,
545 2526 635 2598 qlu⁰d
662 2524 817 2559 videlicet
854 2534 1006 2569 potestas
1040 2526 1183 2560 clauium

197 2567 404 2600 administret
429 2566 565 2609 Eut-nge
580 2569 658 2608 ium,
671 2581 738 2602 non
755 2570 908 2604 solumm
934 2580 1059 2611 genere
1083 2571 1184 2610 omni-

196 2613 277 2650 bu..
309 2612 371 2643 ned
403 2611 501 2642 etiam
527 2612 679 2653 priuatim
709 2614 871 2657 singulis,
900 2616 994 2648 Sicut
1028 2614 1184 2647 Christus

196 2656 318 2698 inquit,
350 2653 513 2686 Lucratus
549 2656 615 2687 eris
645 2657 781 2690 fratrem
812 2664 876 2691 etc.
924 2658 964 2690 Et
994 2659 1084 2701 quod
1107 2658 1185 2692 voci

642 167 752 199 PHlL.
776 167 880 199 MEL.
903 166 1095 200 SCRIPTA
1117 164 1390 199 DOGMATICA
1409 165 1468 199 ΕΤ
1487 165 1762 200 SYMBOLicA.

624 262 727 304 quue
762 269 926 295 testantur
960 272 1026 293 non
1063 261 1201 293 solum*

1200 550 1202 556 k
1222 515 1349 553 valere,
1372 516 1435 547 nisi
1459 515 1670 548 sufficienter
1703 518 1834 549 contriti
1865 517 1979 549 simus.

2144 168 2211 202 384

1223 258 1271 291 illi
1302 259 1479 303 Euangelij
1509 261 1598 303 quod
1629 261 1812 293 ministerio
1840 260 2015 293 Ecclesiae
2049 263 2146 294 nobis
2175 263 2208 295 in

1223 302 1447 335 Absolutione
1470 303 1730 342 administratur,
1755 304 1956 336 eredendum
1975 305 2029 343 sit,
2053 311 2209 347 tanquam

1223 347 1299 377 voci
1323 346 1365 377 de
1388 345 1485 377 coelo
1508 346 1653 377 sonanti.

1310 388 1385 419 lloc
1418 394 1523 420 totum
1560 388 1758 420 beneficium
1787 387 2020 421 Absolutionis
2051 396 2085 421 et
2111 389 2211 422 huius

1222 431 1408 472 ministerij,
1432 437 1530 462 antea
1554 430 1614 462 fuit
1634 432 1767 463 omnino
1791 432 2008 464 obscuratum
2025 430 2122 464 salsis
2145 434 2210 475 opi-

1223 473 1379 504 nionibus
1404 472 1548 512 illorum,
1571 473 1626 515 qui
1651 474 1837 505 docuerunt
1868 473 2120 507 Absolutionem
2142 485 2210 508 non

2026 517 2068 550 Et
2091 525 2211 560 postea

1200 582 1202 591 .
1223 559 1381 590 iubebant
1403 559 1554 591 dubitare
1573 560 1615 591 de
1639 558 1863 598 absolutione,
1882 560 1959 603 quia
1979 571 2078 592 nemo
2109 562 2212 594 sciret

1223 612 1262 633 se
1280 602 1362 633 satis
1386 603 1564 634 contritum
1583 612 1672 633 esse.
1707 602 1794 638 Quid
1817 601 1877 634 fuit
1900 603 1965 636 hoc
1987 603 2088 642 aliud,
2112 615 2210 646 quam

1222 643 1397 687 Euangelij
1435 644 1702 677 consolationem
1737 647 1866 688 eripere
1899 647 2142 689 consciencijs,
2178 653 2211 679 et

1223 686 1343 719 tollere
1367 698 1409 719 ex
1428 686 1583 720 Ecclesia
1606 698 1647 719 ac
1667 699 1808 729 prorsus
1833 687 1971 721 abolere
1993 690 2211 722 ministerium

1224 729 1413 772 Euangelij,
1436 741 1498 762 seu
1528 738 1730 772 potestatem
1756 731 1923 764 cluuiani?
1967 731 2050 768 Quis
2074 742 2140 764 non
2163 733 2211 764 vi-

1224 774 1280 805 det
1303 773 1367 805 hos
1391 780 1458 805 tam
1481 774 1685 815 pernitiosos
1710 785 1862 814 errores,
1884 776 2000 807 merito
2030 775 2207 817 reprehen-

1224 826 1284 848 sos
1308 827 1386 848 esse
1395 817 1411 848 2²

1311 859 1394 891 Cum
1417 865 1527 890 autem
1559 858 1739 890 Confessio
1764 862 1925 900 praebeat
1952 859 2063 890 locum
2091 861 2218 900 imper--

1223 901 1364 933 ciendae
1387 899 1591 933 absolutioni
1615 901 1789 941 priuatim,
1816 909 1848 932 et
1871 902 1954 933 ritus
1982 903 2055 943 ipse
2084 900 2212 934 intelle-

1224 951 1313 976 ctum
1337 944 1513 986 potestatis
1538 943 1695 982 clauium,
1719 950 1752 975 et
1771 945 1978 976 remissionis
1998 951 2211 985 peccatorum

1224 993 1404 1019 conseruet
1442 987 1475 1017 in
1514 984 1656 1028 populo,
1701 987 1859 1020 Preterea
1889 998 1963 1019 cum
1997 986 2080 1019 illud
2109 986 2213 1019 collo·

1223 1031 1336 1072 quium
1359 1040 1564 1072 magnopere
1587 1030 1706 1071 prosit,
1731 1030 1774 1061 ad
1797 1031 1984 1062 monendos
2008 1036 2041 1062 et
2063 1031 2214 1062 erudien—

1225 1075 1286 1105 dos
1310 1073 1474 1111 homines,
1497 1071 1675 1115 diligenter
1699 1074 1881 1105 retinemus
1905 1074 1937 1105 in
1950 1072 2115 1106 Ecclesiis
2127 1073 2215 1105 Con-

1224 1115 1424 1155 fessionem,
1457 1116 1519 1148 sed
1553 1116 1617 1154 ita,
1652 1122 1687 1147 vt
1719 1117 1902 1148 doceamus
1929 1117 2214 1148 enumerationem

1226 1158 1423 1191 delictorum
1446 1169 1514 1191 non
1539 1169 1617 1191 esse
1642 1160 1870 1191 necessariam
1893 1160 1962 1191 iure
1994 1160 2122 1197 diuino,
2151 1168 2216 1191 neo

1225 1203 1415 1234 onerandas
1458 1212 1537 1233 esse
1580 1203 1808 1234 conscientias
1854 1201 1911 1234 illa
1956 1202 2215 1234 enumeratione.

1226 1244 1362 1277 Nullum
1385 1246 1470 1276 enim
1494 1251 1585 1277 extat
1615 1245 1646 1276 in
1678 1246 1856 1287 scripturis
1886 1245 2094 1287 Apostolicis
2122 1254 2216 1286 prae·

1227 1295 1369 1330 ceptum,
1393 1289 1434 1319 de
1458 1287 1522 1319 hae
1547 1289 1808 1320 enumeratione.
1844 1288 1885 1319 Et
1909 1289 2054 1319 omnium
2078 1288 2217 1319 delicto·

1228 1342 1302 1363 rum
1320 1331 1473 1364 recitatio
1497 1329 1714 1371 impossibilis
1745 1337 1816 1370 est,
1845 1332 1938 1363 iuxta
1973 1329 2053 1363 illud
2081 1329 2216 1362 Psalmi.

1227 1373 1362 1406 Delicta
1385 1374 1460 1416 quis
1486 1372 1661 1415 intelligit?
1706 1373 1787 1406 item
1812 1374 1968 1406 lei-einins
1991 1375 2049 1412 ait,
2072 1373 2218 1407 Prauum

1230 1424 1282 1448 est
1317 1427 1377 1449 cor
1411 1416 1553 1448 hominis
1589 1424 1623 1448 et
1657 1416 1883 1449 inscrutabile.
1937 1417 2035 1453 Quod
2069 1417 2099 1449 si
2127 1414 2219 1449 nullu

1230 1466 1384 1502 peccata,
1402 1461 1465 1491 nisi
1492 1461 1632 1491 recitata
1654 1461 1920 1499 remitterentur,
1952 1470 2119 1502 nunquam
2142 1469 2218 1501 pos-

1230 1509 1305 1535 sent
1327 1504 1544 1545 acquiescere
1560 1505 1604 1541 ’39)
1627 1504 1864 1542 conscientiae,
1888 1503 1965 1546 quia
1985 1502 2126 1545 plurima
2166 1512 2207 1534 ec

1231 1552 1306 1579 cata
1330 1556 1439 1589 neque
1462 1547 1587 1585 vitient,
1611 1557 1719 1588 neque
1743 1547 1931 1579 meminisse
1953 1552 2104 1588 possunt.

1231 1601 1272 1623 ex
1297 1601 1333 1622 re
1356 1589 1455 1623 facile
1476 1588 1615 1632 intellig-i
1639 1596 1765 1631 potest,
1795 1590 2011 1622 ministerium
2039 1587 2219 1621 absolutio-

1231 1635 1301 1672 nis,
1335 1640 1367 1665 et
1403 1634 1635 1665 remissionem
1669 1644 1736 1665 non
1767 1634 1914 1676 pendere
1953 1643 1995 1665 ex
2028 1632 2220 1665 conditione

1233 1677 1501 1709 enumerationis.

1319 1720 1500 1756 Testantur
1528 1726 1559 1752 et
1583 1727 1718 1753 veteres
1747 1722 1932 1763 scriptores
1960 1730 2029 1752 non
2059 1729 2135 1752 esse
2162 1728 2220 1752 no-

1232 1764 1415 1796 cessariam
1452 1765 1756 1803 enumerationem,
1791 1763 2053 1807 Clu‘ysostomus
2077 1763 2163 1795 enim
2185 1762 2220 1794 in

1233 1806 1383 1849 Epistola
1418 1807 1460 1838 ad
1496 1807 1628 1839 Ebreos.
1670 1808 1792 1845 innuit,
1822 1807 2089 1839 Pei-suadeamus
2122 1805 2220 1838 nobis

1232 1861 1396 1893 peccasse
1432 1861 1515 1888 nos,
1551 1861 1613 1882 nee
1648 1851 1680 1882 id
1714 1841 1831 1893 lingua
1860 1856 1990 1882 tantuur
2014 1849 2223 1892 pronunciet,

1232 1896 1292 1926 sed
1317 1895 1416 1926 etiam
1440 1894 1552 1925 intima
1581 1894 1804 1932 conscientia,
1832 1904 1894 1925 nec
1917 1900 2041 1925 tantum
2071 1893 2222 1925 dicamus

1207 1929 1211 1984 Ι
1233 1949 1295 1969 nos
1315 1948 1391 1969 esse
1417 1944 1628 1978 peccatores,
1651 1937 1711 1968 sed
1736 1938 1834 1969 etiam
1865 1943 2003 1979 peccata
2030 1935 2223 1978 specialitet

1233 1989 1475 2023 computemus.
1511 1980 1587 2012 Non
1612 1981 1669 2012 tibi
1694 1980 1779 2016 dico,
1803 1987 1838 2012 vt
1862 1987 1894 2012 te
1917 1980 2041 2022 prodas
2065 1979 2096 2010 in
2114 1977 2221 2021 publi-

1233 2036 1320 2061 cum,
1346 2034 1451 2065 neque
1477 2031 1508 2055 te
1532 2031 1567 2055 vt
1592 2025 1679 2066 apud
1704 2022 1789 2055 alios
1811 2033 1972 2061 accuses,
2001 2023 2062 2054 sed
2085 2021 2223 2055 obedire

1233 2076 1265 2100 te
1302 2067 1379 2099 volo
1416 2066 1618 2109 Prophetae.
1665 2065 1789 2099 Reuela
1827 2065 1972 2098 Domino
2004 2067 2090 2098 viam
2121 2071 2223 2105 tuam,

1234 2122 1346 2143 coram
1370 2110 1445 2141 Deo
1471 2117 1612 2152 peccata
1636 2118 1689 2142 tua
1715 2110 1888 2147 confitere,
1912 2109 2010 2151 Apud
2037 2119 2153 2142 verum
2175 2106 2224 2141 lu·

1233 2155 1340 2186 dicem
1377 2164 1454 2185 cum
1490 2155 1641 2185 otationc
1676 2152 1798 2185 delicta
1834 2159 1888 2185 tua
1923 2152 2120 2196 pronuncia,
2155 2161 2225 2184 non

1233 2199 1359 2240 lingua,
1375 2199 1420 2235 ³⁰)
1444 2197 1505 2228 sed
1530 2197 1757 2230 conscientiae
1776 2203 1853 2228 tuae
1876 2196 2052 2235 memoria,
2081 2201 2114 2228 et
2144 2200 2224 2228 tune

1235 2242 1366 2273 demum
1401 2250 1501 2281 spera
1535 2246 1567 2271 te
1602 2240 1864 2272 misericordiam
1931 2250 2010 2271 osse
2050 2237 2222 2281 consequi.

1235 2285 1326 2316 ilaec
1352 2282 1589 2325 Clirysostonii
1615 2284 1748 2322 com-io,
1773 2295 1839 2315 non
1869 2251 1977 2315 sol’um
2006 2283 2120 2317 docet.
2145 2281 2224 2324 quid

1236 2329 1277 2359 (le
1301 2327 1552 2359 enumeratione
1576 2327 1785 2359 sentit-ndum
1809 2328 1864 2365 sit,
1888 2328 1955 2358 Sed
1972 2326 2069 2358 etiam
2098 2325 2225 2368 grauis-

1235 2372 1320 2402 sime
1348 2370 1525 2412 'coninngit
1560 2372 1790 2402 contritionem
1827 2377 1859 2403 et
1890 2370 2006 2408 fidem,
2041 2369 2135 2402 Sicut
2161 2376 2226 2401 no·

1235 2414 1483 2456 coniungimus,
1506 2413 1597 2445 iubet.
1622 2415 1762 2455 primum
1787 2421 1821 2446 vt
1844 2420 1985 2456 peccata
2015 2423 2095 2445 vere
2122 2421 2227 2456 ugno-

1233 2467 1383 2491 scamus‚
1407 2463 1440 2488 et
1463 2467 1504 2489 ex
1529 2458 1638 2490 animo
1664 2457 1879 2497 detestemur,
1906 2457 2025 2489 deinde
2047 2456 2145 2489 docet
2171 2454 2229 2488 ad·

1239 2590 1286 2618 29)
1305 2589 1485 2632 acquiescere]
1511 2589 1553 2614 uie
1580 2592 1650 2614 ndo
1673 2587 1723 2614 Ed.
1746 2589 1787 2618 ⁴.;
1810 2587 1858 2614 m.
1883 2589 1908 2615 8.
1937 2591 2035 2622 typar.
2063 2593 2162 2613 cm:
2188 2593 2231 2612 ιθ·

1304 2631 1410 2656 quiesco

1233 2668 1281 2701 ³0)
1299 2668 1417 2712 liugand]
1436 2668 1486 2693 Ed.
1507 2667 1531 2693 3.
1552 2672 1604 2701 φρ.
1623 2675 1721 2694 evoro:
1737 2667 1810 2699 liguo
