2324 2944
53 149 119 180 273
632 146 670 178 ΙΙ.

141 242 307 274 Damuaut
336 251 451 273 omnes
475 239 646 279 haereses,
666 243 705 279 16)
729 248 846 272 contra
869 241 957 273 hunc
980 251 1031 272 ar-

56 283 189 317 ticulum
222 291 371 324 exortaS,
394 291 427 316 vt
449 283 664 322 manicheos,
693 284 747 325 qui
776 284 840 315 «luo
871 284 1031 325 principia

54 330 239 370 ponebant,
270 328 397 359 Bonum
429 333 462 359 et
489 325 629 365 Malum,
663 327 739 358 item
766 325 1029 365 Valentinianos,

53 371 210 409 Arianos,
240 370 482 408 Eunomianos,
515 368 766 401 Mahometistas
785 371 825 403 16)
855 376 885 401 et
915 380 1030 401 omnes

54 413 173 446 horum
193 416 231 452 ¹⁷)
271 412 404 445 similes,
446 412 672 450 Damnatum)
714 419 747 443 et
780 412 1031 451 Samosatenos,

55 462 186 489 veteres
220 463 251 488 et
271 459 309 489 19)
349 456 559 494 Neotericos,
591 455 645 497 qui
680 466 754 487 cum
769 456 813 493 120)
848 462 972 487 tantum
986 457 1031 493 21)

57 510 152 532 mam
177 510 360 542 personam
385 509 461 531 esse
493 499 713 536 contendant,
728 499 772 537 ²¹²)
795 499 836 530 de
866 500 970 530 verbo
1000 504 1032 531 et

54 543 97 576 de
110 544 156 582 23)
179 543 296 585 spiritu
315 550 432 574 sancto
461 548 569 574 astute
593 547 624 573 et
653 541 749 582 impie
779 541 1031 579 rhetoricantur,

55 586 144 629 quod
157 587 204 626 ²⁴)
236 587 362 620 non²⁵)
394 586 459 616 sint
473 586 517 624 26)
555 594 719 627 personae
752 585 942 624 distinctae,
973 585 1032 616 sed

55 630 145 672 quod
168 629 306 661 verbum
329 628 494 671 significet
515 629 651 660 verbum
675 626 804 666 vocale,
818 630 862 666 ²⁷)
887 634 919 659 et
941 629 1033 669 spiri-

55 679 108 705 tus
132 679 255 704 motum
278 672 310 704 in
334 673 433 704 rebus
458 677 611 703 creatum.
628 673 671 708 ²⁶)

144 845 189 879 ²⁹)
203 843 284 875 ltem
307 843 429 875 docent
452 844 539 886 quod
560 850 635 884 post
655 842 786 884 lapsum
806 843 900 875 Adae
919 853 1034 875 omnes

55 887 206 919 homines
230 887 412 918 secundum
437 894 588 918 naturam
612 887 862 929 propagati,3⁰)
894 896 1035 917 nascan-

55 932 169 966 turm)
202 941 275 962 cum
290 931 334 968 32)
369 937 528 971 peccato,
564 928 629 960 hoc
660 936 711 961 est
740 930 812 961 sine
843 935 931 961 metu
961 929 1036 968 Dei,

56 974 129 1005 sine
152 972 272 1005 fiducia
296 983 378 1015 erga
399 972 515 1007 Deum,
539 979 569 1004 et
594 983 667 1004 cum
683 974 727 1011 ³3)
751 973 1035 1014 concupiscentia,

55 1017 211 1059 quodque
225 1019 269 1048 34)
305 1016 357 1047 hic
392 1017 603 1054 morbus‚³⁵)
646 1026 706 1047 seu
746 1016 864 1047 vicium
899 1015 1036 1057 originis

56 1069 136 1091 vere
166 1060 208 1090 sit
238 1066 430 1100 peccatum,
465 1060 626 1090 damnans
657 1065 687 1089 et
715 1058 859 1089 afferens
874 1060 918 1096 ⁸⁶)
949 1067 1036 1089 nunc

58 1112 191 1144 quoque
223 1108 390 1133 aeternam
419 1108 574 1139 mortem,
609 1100 660 1132 his
675 1103 720 1139 87)
755 1101 810 1142 qui
841 1110 907 1131 non
942 1110 1036 1131 rena·

57 1153 206 1179 scantur,
223 1146 267 1181 3Θ)
292 1155 351 1186 per
375 1145 572 1185 baptismum
596 1149 627 1174 et
650 1144 800 1184 spiritum
824 1149 984 1175 sanctum.

144 1195 309 1227 Damnant
332 1193 552 1236 Pelagianos,
580 1200 612 1226 et
636 1193 719 1226 alios
750 1195 805 1236 qui
828 1195 948 1226 vicium
972 1194 1036 1225 ori-

56 1239 144 1281 ginis
168 1243 293 1280 negant
317 1247 394 1269 esse
417 1244 608 1278 peccatum,
641 1243 672 1268 et
702 1244 735 1268 vt
760 1243 941 1269 extenuent
964 1236 1036 1279 glo-

56 1282 136 1314 riam
170 1280 295 1320 meriti,
336 1287 369 1312 et
408 1279 644 1313 beneficiorum
685 1279 826 1319 Christi,
868 1281 1036 1322 disputant

56 1411 102 1443 15)
122 1411 253 1442 haereses]
272 1410 324 1435 Ed.
344 1415 423 1433 ant.:
443 1410 562 1434 hcraeses

55 1453 101 1487 16)
120 1453 328 1485 Mahometistas]
349 1453 405 1477 Ed.
423 1457 500 1476 ant.:
520 1452 716 1477 Mohemetistas

56 1497 103 1529 17)
122 1496 224 1529 horum]
246 1497 347 1522 Fabr.:
367 1503 456 1519 eorum

54 1540 103 1572 18)
121 1540 228 1564 similes.
255 1539 399 1570 Damuant]
417 1539 471 1562 Ed.
491 1543 568 1563 ant.:
587 1539 692 1568 similes,
711 1539 836 1563 damnant

56 1582 103 1614 19)
123 1581 159 1614 et]
181 1582 270 1606 Cass.
292 1583 323 1612 1.,
343 1582 451 1606 Wirc.·.
472 1589 501 1606 ac

56 1625 103 1656 20)
123 1625 191 1656 cnm]
210 1625 309 1648 Wim.:
330 1630 381 1649 non

57 1668 104 1699 21)
124 1668 234 1698 tantum]
253 1667 342 1692 Cass.
363 1669 505 1692 2.:-tameu

57 1711 105 1741 22)
125 1711 304 1742 contendam]
324 1710 423 1734 Wim.:
444 1710 611 1741 contendunt,
628 1709 684 1734 Ed.
705 1717 782 1735 ann:
803 1711 968 1735 contendant.

57 1753 104 1784 23)
124 1752 167 1785 de]
189 1753 276 1778 Cass.
297 1754 328 1783 2.,
349 1752 457 1782 Wirc.‚
477 1753 566 1777 Fabr.
587 1754 706 1778 omittunt.

56 1795 105 1827 24)
124 1795 206 1827 quod]
228 1796 354 1819 WVeberus
373 1796 398 1819 in
417 1803 462 1819 sua
483 1795 530 1820 Ed.
551 1797 613 1821 mule
631 1796 738 1822 exhibet:
759 1805 822 1829 qnae

57 1836 104 1871 25)
124 1838 188 1871 non]
210 1839 234 1862 in
253 1838 339 1863 Cass.
360 1839 384 1863 2.
404 1839 477 1863 deest.

58 1881 105 1913 26)
126 1881 188 1914 sint]
210 1880 339 1906 Onold.:
359 1886 419 1906 sunt

58 1925 104 1956 27)
126 1925 228 1949 verbum
254 1924 353 1956 vocale]
384 1924 471 1949 Cass.
499 1927 533 1954 2.,
559 1925 658 1955 hess„
683 1926 772 1950 Non:
799 1931 844 1951 aut
866 1932 976 1951 mentem
997 1927 1038 1950 dei

127 1965 171 1983 aut
189 1964 259 1983 certe
279 1960 384 1983 verbum
404 1959 495 1984 vocale

59 2002 106 2034 28)
124 2003 184 2027 item
207 2002 418 2032 Valentinianos,
442 2003 556 2027 Arianos
576 2017 608 2021 —
627 2008 724 2027 motum
752 2005 777 2028 in
804 2004 878 2028 rebus
902 2003 1037 2036 creatum]

128 2036 188 2061 haec
206 2038 231 2060 in
250 2037 315 2061 Rat.
333 2037 427 2062 desunt.

60 2079 107 2110 29)
127 2078 193 2103 Huic
215 2081 319 2104 ruricula
338 2079 375 2104 II.
400 2081 425 2104 i'n
444 2080 534 2105 Cass.
556 2082 578 2104 l.
604 2082 630 2105 in
654 2082 766 2114 marqine
792 2081 913 2114 adscripti
936 2085 990 2106 sune
1016 2081 1041 2105 lii

129 2114 177 2138 Ioci
200 2113 227 2138 S.
247 2113 289 2139 S.;
314 2114 344 2138 In
365 2113 482 2146 Epistola
504 2116 573 2147 pauli
597 2116 631 2140 ad
650 2116 788 2141 Romanos.
809 2116 834 2141 5.
854 2130 885 2134 -
905 2117 935 2141 Ιη
953 2117 1040 2141 Euan-

129 2150 199 2179 gelio
217 2148 324 2173 Ioannis
343 2149 367 2173 3.
404 2149 433 2173 In
453 2149 571 2181 Epistola
588 2151 621 2174 au'
640 2151 736 2176 Titum.
755 2150 779 2175 3.

61 2192 108 2223 30)
128 2191 278 2223 propagati]
299 2192 352 2216 Ed.
373 2196 434 2217 ant.
455 2194 558 2223 omma,-
579 2192 711 2218 Onold.:
732 2198 876 2226 propagata

61 2234 108 2266 31)
128 2233 280 2266 nascantur]
303 2235 390 2259 Cass.
410 2235 442 2265 2.,
460 2235 566 2260 Dess.:
587 2241 726 2261 nascuntur

61 2277 108 2308 32)
129 2276 197 2309 cum]
219 2277 331 2307 Wim.,
351 2277 455 2302 Fabiu:
475 2280 501 2303 in

61 2320 108 2352 33)
128 2325 154 2345 et
171 2320 239 2353 cum]
260 2321 316 2345 Ed.
336 2325 414 2345 ant.:
434 2326 459 2345 et
477 2323 555 2346 animi

60 2364 108 2392 34)
128 2365 345 2395 concupiscentia,
364 2364 497 2396 quodque]
517 2365 645 2391 Dresd.:
665 2368 884 2398 concupiscentia.
914 2366 1042 2398 Quodque

63 2406 109 2437 ³5)
129 2406 244 2439 morbus]
266 2408 290 2430 in
308 2407 398 2431 Dess.
418 2407 491 2432 deest.

63 2447 110 2479 36)
130 2449 252 2482 afferens]
272 2449 339 2473 Rae.
360 2450 437 2474 male:
455 2450 581 2475 sufferens

64 2491 111 2522 37)
131 2492 182 2523 his]
201 2494 225 2516 in
243 2493 330 2517 Cass.
352 2494 373 2516 1.
394 2494 418 2516 in
437 2494 486 2518 hiis
506 2498 621 2519 midffsslm
641 2500 684 2520 ese.

65 2534 111 2566 38)
130 2543 182 2559 non
218 2536 396 2568 renascuntur]
432 2536 486 2561 Eu.
515 2542 589 2562 ant.:
627 2546 678 2562 non
711 2544 880 2563 renascantur
907 2540 943 2563 sic
970 2540 1042 2564 eriam

134 2569 225 2594 Cass.
248 2572 268 2594 1.
290 2571 396 2603 primum
415 2570 509 2602 babuit,
527 2571 613 2597 deinde
636 2577 717 2597 autem
739 2578 907 2598 renascantur
925 2575 951 2598 in
969 2581 1043 2598 rena·

134 2608 242 2669 scnrjmr
266 2604 416 2630 emendatum
443 2609 487 2631 ed.
523 2606 603 2637 Ram,
631 2608 736 2633 Wim.:
762 2613 901 2634 nascuntur
926 2609 1042 2640 (onium

135 2645 186 2662 non

271 2698 418 2719 nunu.
433 2700 511 2720 OPER
529 2700 592 2722 ΥΟΕ
607 2701 686 2721 XXVI.

715 146 755 178 B.
800 145 1047 179 CONFESSIO
1071 144 1347 178 AUGUSTANA
1370 145 1482 180 lPSA.

1997 149 2060 180 2⁷4

1084 240 1248 272 hominem
1279 241 1423 283 proprijs
1454 242 1579 273 viribus
1611 241 1746 272 rationis
1762 243 1806 279 ³⁹)
1841 251 1952 273 coram
1983 242 2058 274 Deo

1083 283 1253 316 iustificari
1277 293 1389 325 posse.

1547 377 1599 409 ΙΙΙ.

1174 454 1371 492 ⁴⁰)1tem⁴¹)
1392 455 1524 492 docent,
1544 455 1633 496 quod
1647 456 1795 493 verbum,
1815 457 1878 487 hoc
1896 463 1955 491 est,
1976 455 2061 487 tilius

1084 497 1167 537 Dei,
1202 499 1421 539 assumpserit
1452 496 1628 528 humanam
1659 505 1807 530 naturam
1823 500 1867 532 42)
1901 499 1935 530 in
1968 505 2062 530 vtero

1087 543 1206 573 beatae
1224 541 1348 573 Mariae
1367 541 1518 583 virginis,
1542 546 1575 571 vt
1590 542 1634 575 ⁴3)
1658 541 1722 572 sint
1746 542 1831 573 duae
1845 543 1891 577 Η)
1916 549 2064 580 naturae,

1087 585 1196 616 diuina
1221 590 1252 616 ct
1275 584 1435 621 humana,
1465 584 1497 614 in
1521 584 1644 615 vnitate
1673 594 1837 624 personae
1865 585 2064 626 inseparabi-

1087 627 1161 659 liter
1176 629 1220 667 ⁴⁵)
1244 628 1518 665 coniunctae‚⁴⁶)
1548 637 1631 658 xnus
1656 626 1828 666 Christus,
1858 638 1936 659 vere
1960 627 2065 666 Deus,

1088 677 1118 702 et
1156 681 1234 702 vere
1267 670 1385 709 homo,
1431 676 1529 701 natus
1571 680 1611 701 ex
1650 670 1779 713 virgine
1814 669 1937 709 Maria,
1987 681 2064 702 vere

1089 724 1222 755 passus,
1243 713 1432 748 crucifixus,
1445 719 1593 745 mortuus
1612 715 1706 749 et⁴⁷)
1720 712 1883 755 sepultus,
1903 719 1936 745 vt
1949 723 2066 745 recon-

1089 755 1274 793 ciliaretffl)
1311 757 1406 788 nobis
1431 755 1578 793 Patrem,
1615 762 1645 787 et
1676 755 1785 788 hostia
1820 762 1911 788 esset
1941 767 2008 788 non
2023 759 2067 794 ⁴⁹)

1089 805 1214 831 tantum
1238 810 1297 841 pro
1323 797 1419 840 culpa
1443 799 1597 841 originis,
1627 799 1687 830 sed
1712 801 1808 831 etiam
1831 811 1891 841 pro
1915 800 2067 832 omnibus

1089 842 1276 874 actualibus
1296 842 1462 874 hominum
1478 844 1530 878 ⁵⁰)
1555 842 1712 883 peccatis.
1759 842 1847 874 idem
1861 845 1906 881 ⁵¹)
1930 843 2068 874 descen-

1090 885 1136 916 dit
1146 887 1190 923 52)
1213 886 1254 916 ad
1279 884 1416 920 inferos,
1431 888 1475 918 ⁶³)
1500 891 1531 916 et
1551 895 1630 916 vere
1650 886 1830 917 resurrexit
1845 887 1889 924 ⁵⁴)
1913 887 2009 917 tertia
2024 887 2068 924 ⁵⁵)

1091 928 1161 965 die,
1185 929 1303 959 deinde
1326 929 1476 960 aseendit
1501 928 1542 959 ad
1566 926 1701 966 coelos,
1730 935 1764 960 vt
1787 929 1903 961 sedeat
1927 930 1969 961 ad
1992 929 2069 960 dex-

1091 977 1193 1002 teram
1218 972 1321 1011 patris
1336 973 1380 1009 56)
1409 978 1439 1002 et
1454 973 1498 1003 ⁵⁷)
1529 977 1688 1011 perpetuo
1712 977 1829 1013 regnet
1852 979 1885 1003 et
1899 974 1943 1008 ⁵³)
1968 972 2070 1003 domi-

1091 1020 1197 1052 netur,
1227 1015 1378 1045 omnibus
1393 1015 1437 1047 ⁵⁹)
1469 1015 1648 1052 creaturis,
1678 1014 1864 1046 sanctificet
1894 1015 2069 1047 credentes

1090 1057 1122 1087 in
1141 1057 1267 1097 ipsum,
1286 1057 1388 1087 misso
1408 1057 1440 1087 in
1467 1057 1569 1088 corda
1588 1067 1701 1088 eorum
1718 1059 1771 1093 ⁶⁰)
1796 1058 1913 1098 spiritu
1939 1064 2070 1097 sancto,

1090 1099 1146 1139 qui
1171 1101 1335 1140 regat‚⁶¹)
1359 1098 1556 1131 consoletur
1574 1110 1614 1130 ac
1630 1101 1673 1134 62)
1700 1099 1844 1132 viuificct
1859 1103 1904 1142 ⁶³)
1930 1111 2006 1139 eos,
2030 1111 2071 1132 ac

1091 1140 1247 1174 defendat
1263 1144 1306 1176 ⁶⁴)
1341 1142 1505 1173 aduersus
1541 1140 1724 1181 diabolum,
1758 1149 1789 1174 et
1831 1144 1894 1174 vim
1929 1145 2069 1186 peccati.

1090 1255 1136 1285 39)
1157 1254 1277 1287 rationis]
1299 1256 1325 1278 in
1343 1254 1471 1284 Dresd.‚
1491 1254 1580 1279 Wim.
1600 1255 1673 1279 deest.

1090 1297 1136 1329 40)
1156 1297 1222 1322 Huic
1245 1301 1294 1321 ari.
1313 1297 1364 1321 III.
1385 1298 1409 1320 i'n
1427 1296 1513 1321 Cass.
1537 1299 1558 1321 1.
1586 1298 1610 1321 in
1629 1298 1740 1330 mcirqi'ne
1758 1298 1877 1331 adscripti
1902 1304 1956 1323 sunt
1982 1299 2007 1323 ln*
2026 1301 2071 1323 loc·

1158 1332 1186 1357 S.
1206 1331 1246 1356 S.:
1272 1332 1302 1356 In
1327 1332 1470 1362 Euangelio
1497 1332 1603 1356 Ioannis
1629 1334 1652 1356 l.
1681 1346 1714 1351 —
1744 1333 1773 1357 In
1799 1333 1916 1364 Epistola
1941 1335 2013 1365 Paulj
2039 1334 2071 1358 ad

1159 1366 1294 1398 Ephesios.
1322 1367 1362 1391 15.
1389 1380 1423 1384 -
1444 1366 1475 1390 In
1501 1366 1621 1398 Epistola
1652 1368 1720 1399 paulj
1746 1369 1781 1395 1³.
1807 1369 1839 1391 ad
1864 1368 2020 1393 Corinthios.
2045 1368 2069 1392 6.

1158 1401 1220 1459 {teci4
1236 1401 1317 1467 aggti
1341 1402 1401 1424 estis
1429 1404 1477 1425 etc.
1498 1414 1530 1419 -—-
1556 1401 1585 1425 In
1604 1401 1722 1432 Epistola
1740 1402 1813 1426 Pauli
1840 1403 1873 1426 ad
1892 1403 2026 1434 Ephesios.
2049 1404 2070 1427 l.

1090 1479 1136 1510 41)
1155 1478 1231 1510 Item]
1253 1478 1340 1504 Cass.
1360 1479 1393 1508 1.‚
1411 1478 1467 1502 Ed.
1487 1482 1566 1502 ant.:
1587 1478 1659 1502 Idem

1090 1522 1136 1552 42)
1155 1521 1295 1579 igumauam
1305 1520 1434 1553 naturam]
1450 1520 1535 1546 Cass.
1549 1522 1583 1552 2.,
1602 1521 1705 1551 Πεεε.,
1726 1521 1804 1551 Ram,
1826 1522 1934 1548 Wim.:
1954 1528 2072 1548 naturam

1176 1563 1297 1579 umanam

1089 1598 1192 1631 43)vt1
1220 1598 1274 1622 Ed.
1299 1602 1378 1622 ant.:
1407 1602 1446 1628 et,
1471 1599 1544 1622 etiam
1567 1597 1654 1624 Cass.
1683 1600 1704 1623 1.
1724 1601 1830 1632 primum
1858 1599 1943 1625 babm'e
1962 1606 1987 1625 et
2009 1601 2074 1634 quod

1157 1633 1244 1658 deinde
1262 1632 1410 1658 emendatum
1429 1635 1463 1658 est
1480 1633 1518 1656 in:
1539 1637 1567 1657 ut

1089 1676 1136 1708 44)
1156 1676 1233 1707 duae]
1253 1676 1341 1701 Cass.
1362 1676 1386 1700 2.
1407 1680 1534 1708 corrupte:
1555 1676 1640 1700 donae

1089 1720 1135 1751 45)
1155 1718 1372 1751 inseparabiliter]
1392 1718 1447 1742 Ed.
1466 1723 1531 1743 ant.
1552 1719 1625 1744 male:
1646 1719 1852 1751 inseperabiliter

1090 1762 1137 1794 46)
1156 1762 1319 1794 coniunctae]
1340 1761 1420 1792 Rat„
1440 1762 1551 1786 Wim.:
1573 1762 1719 1786 continetur

1091 1805 1137 1837 47)
1158 1805 1193 1837 et]
1215 1805 1304 1829 Cass.
1325 1806 1364 1835 2.‚
1383 1805 1490 1835 Dess.,
1509 1804 1590 1835 Rae„
1611 1805 1707 1833 Wire,
1728 1806 1846 1830 omittunt.

1090 1849 1137 1880 48)
1156 1847 1346 1880 reconciliaret]
1367 1848 1422 1872 Ed.
1443 1852 1522 1872 ant.:
1541 1848 1694 1873 conciliaret

1091 1891 1138 1922 49)
1160 1896 1228 1915 essct
1246 1891 1309 1923 non]
1331 1891 1386 1915 Ed.
1407 1896 1481 1916 ant.:
1501 1898 1552 1915 non
1571 1895 1639 1915 esset

1093 1934 1140 1966 50)
1159 1933 1300 1966 hominum]
1322 1934 1376 1958 Ed.
1395 1939 1473 1958 ant.:
1493 1934 1604 1958 hominis

1093 1977 1140 2009 51)
1160 1976 1242 2009 Idem]
1273 1977 1405 2007 Dresd.,
1431 1977 1521 2008 Non,
1550 1978 1655 2002 Wim.:
1684 1978 1766 2007 Item,
1795 1979 1868 2003 etiam
1887 1979 1912 2003 ιή
1931 1978 2022 2004 Cass.
2051 1981 2071 2003 l.

1161 2012 1233 2036 Idem
1251 2012 1316 2044 quod
1331 2013 1435 2045 primum
1455 2016 1507 2036 erat
1526 2013 1652 2046 scripum,
1672 2013 1820 2038 emendatum
1839 2017 1874 2038 est
1892 2014 1929 2037 in:
1948 2013 2013 2038 nem

1093 2056 1140 2087 52)
1160 2054 1304 2087 descendit]
1326 2055 1455 2080 Onold.:
1476 2056 1603 2080 discendit
1621 2056 1668 2087 (sic
1686 2059 1752 2081 certe
1769 2055 1945 2089 apoqruplmm)

1094 2099 1141 2131 53)
1160 2099 1193 2123 ad
1211 2098 1321 2131 inferos]
1343 2099 1472 2128 Dtesd.,
1493 2099 1594 2123 xvima
1614 2099 1646 2123 ab
1664 2099 1754 2124 inferis
1772 2099 1879 2124 Fabr.:
1898 2100 1931 2124 ad
1950 2100 2051 2124 inferna

1065 2155 1069 2158 ·
1094 2142 1142 2173 54)
1162 2141 1314 2174 resurrexit]
1336 2141 1442 2166 Fabr.:
1465 2143 1605 2166 resurrexit
1624 2150 1639 2167 a
1658 2144 1764 2167 mortuis

1094 2186 1141 2218 55)
1160 2185 1248 2218 tertia]
1269 2184 1353 2214 Ram,
1371 2185 1483 2210 WVircst
1504 2190 1578 2210 terna

1095 2228 1139 2261 56)
1159 2229 1236 2253 tertia
1255 2229 1312 2258 die,
1338 2229 1433 2253 deinde
1452 2229 1568 2253 ascendit
1587 2242 1619 2247 —
1639 2229 1672 2254 ad
1695 2230 1827 2254 dexteram
1849 2229 1940 2262 patris]
1971 2229 2072 2258 Dess..

1164 2264 1296 2293 Dresd.,
1317 2264 1401 2287 Wim.
1423 2265 1542 2288 omittunt.

1095 2307 1140 2338 57)
1161 2307 1196 2338 et]
1222 2306 1327 2335 Dess.‚
1351 2306 1481 2336 Dresd„
1506 2307 1608 2331 Wim.:
1636 2311 1679 2336 vt,
1699 2307 1790 2334 Cass,
1818 2308 1839 2330 1.
1856 2308 1961 2339 primum
1979 2307 2074 2340 quidem

1163 2341 1262 2366 habuit:
1283 2346 1315 2370 et,
1335 2341 1378 2366 sed
1394 2340 1438 2365 Ιιοι·
1456 2341 1606 2366 emendatum
1625 2345 1659 2366 ee!
1676 2342 1715 2364 in:
1736 2345 1764 2364 vt

1095 2385 1141 2416 58)
1162 2383 1197 2416 et]
1219 2384 1302 2415 Rat.,
1324 2384 1430 2408 Wirc.:
1451 2392 1480 2408 ac

1095 2427 1141 2460 59)
1161 2426 1292 2459 omnibus]
1314 2427 1419 2452 Fabr.:
1439 2428 1465 2452 in
1484 2428 1602 2452 omnibus

1095 2471 1141 2502 60)
1161 2471 1240 2495 corda
1258 2470 1358 2503 eornm]
1380 2471 1489 2495 Fabr.:
1510 2479 1599 2495 corum
1618 2470 1700 2495 corda
1718 2469 1746 2495 In
1766 2471 1832 2496 nat.
1852 2471 1930 2496 deest:
1952 2479 2038 2496 eurum

1095 2514 1142 2545 61)
1162 2514 1247 2546 regat]
1266 2513 1355 2539 Non:
1375 2519 1449 2545 reget
1466 2514 1574 2538 Dess.:
1595 2518 1686 2544 regnat.

1095 2558 1142 2589 62)
1161 2557 1204 2589 ac]
1225 2557 1313 2582 Cass.
1333 2559 1374 2588 2.‚
1394 2557 1476 2587 Ram,
1497 2557 1602 2585 Wim.,
1622 2556 1726 2581 Fabr.:
1745 2561 1771 2580 et

1095 2600 1142 2633 63)
1161 2600 1286 2634 viuificetJ
1307 2601 1435 2627 Onold.:
1457 2600 1560 2624 vnifiect
1579 2600 1628 2630 (cic
1647 2599 1824 2634 apoqraplium)

1095 2644 1142 2675 64)
1162 2644 1295 2676 defendat]
1316 2644 1369 2668 Ed.
1388 2650 1462 2669 ann:
1483 2643 1622 2668 descendat

1840 2697 1868 2720 10
