2324 2944
103 142 167 174 225
685 141 723 174 n.
766 141 806 173 Β.
852 141 1099 174 CONFESSIO
1123 140 1400 174 AUGUSTANA
1423 141 1534 173 IPSA.
2051 143 2115 175 226

102 236 124 267 I.
146 236 166 267 l.
186 235 208 265 I.
232 247 259 276 p.
276 238 409 267 79—81.
429 241 458 266 et
482 247 498 266 a
517 236 818 266 Foerstemanno
842 236 860 265 l.
885 236 905 266 l.
925 236 946 265 l.
971 247 997 276 p.
1013 240 1073 266 444
1087 247 1135 276 sq.
1160 237 1333 276 descriptus
1353 241 1383 266 et
1406 237 1443 265 ab
1462 241 1588 276 utroque
1612 247 1679 266 cum
1702 237 1760 266 Ed.
1778 241 1802 266 1.
1827 237 2033 266 Melanthonis
2054 237 2112 267 col-

101 280 183 310 latus
214 283 280 314 est,
317 280 355 309 ‘28
387 280 458 309 folia
488 280 599 309 formae
628 280 774 309 maximae
801 280 1009 319 complectitur
1037 281 1065 309 in
1089 285 1150 309 tres
1180 280 1346 309 fasciculos
1371 280 1486 314 divisa,
1522 290 1646 319 quorum
1671 281 1785 319 primus
1810 284 1839 309 et
1863 281 1969 309 tertius
1993 282 2030 309 ab
2055 290 2114 310 una

103 323 273 362 eademque
296 332 402 358 manu,
427 323 582 352 secundus
607 333 676 351 vero
700 322 737 351 ab
757 322 816 352 alin
839 324 942 362 scripti
967 328 1045 354 suni.
1091 323 1177 352 Hanc
1196 324 1287 353 hahet
1311 324 1548 362 inscriptionem:

311 391 474 429 Confessio
499 392 630 422 Caesari
652 390 790 420 exhibita
810 392 841 420 in
863 394 866 429 Ι
889 391 1032 421 Comitiis
1054 391 1315 431 Auyastensibus:
1335 393 1340 431 Ι
1364 402 1412 430 pS.
1435 390 1591 421 CXVIII:
1611 394 1616 432 Ι
1636 391 1679 421 Et
1698 391 1844 431 loquebar
1867 392 1906 420 de
1929 392 2112 421 testimoniis

352 436 414 464 tuis
431 436 463 464 in
484 436 487 475 Ι
509 434 685 473 Conspectu
702 444 807 473 rcymn
825 438 854 464 et
876 445 937 463 non
957 435 1122 472 confunde·
1143 436 1147 476 Ι
1166 435 1230 464 bar.
1251 437 1255 473 Ι
1276 435 1318 466 M.
1332 434 1374 465 D.
1386 434 1485 464 XXX.

101 503 150 534 Ex
171 503 335 533 litterarum
356 503 448 533 ductu
468 503 653 542 intelligitur,
678 503 757 532 hunc
781 502 926 532 Codice—m
951 500 1069 533 demu‘in
1094 509 1229 543 tempore
1248 501 1426 533 Conventus
1444 503 1640 542 Numburgici
1666 507 1817 532 exaratum
1842 513 1923 532 esse.
1959 501 2036 532 Cum
2049 503 2113 533 Me-

103 547 256 577 Ianthonis
280 546 337 576 Ed.
366 550 392 576 1.
429 547 548 576 omnino
573 547 724 576 consentit
747 547 883 586 exceptis
908 547 1099 576 articulorum
1119 548 1188 576 fidei
1212 546 1290 576 XIII.
1315 551 1345 576 et
1374 545 1487 576 XVIII.
1512 546 1732 581 antithesibus,
1769 556 1846 585 quae
1877 547 1964 575 etiam
1996 547 2023 575 in
2054 546 2113 576 hoc

106 589 182 620 cod.
195 589 415 619 desiderantur.
444 590 634 619 NVeberus
658 594 752 628 putat,
779 600 847 619 eum
872 600 943 619 esse
968 590 1174 630 apographum
1198 594 1247 619 aut
1261 589 1399 624 Codicis,
1425 600 1515 629 quem
1538 588 1575 618 10
1587 589 1727 618 hannes
1751 588 1876 619 Elector
1888 589 1999 619 Saxon.
2024 599 2040 618 a
2055 588 2111 620 Co-

101 634 195 663 mitiis
214 633 403 672 Augustanis
426 643 532 662 secum
555 633 701 672 portavit,
737 637 788 662 aut
812 633 941 672 exempli
965 634 1130 673 deperditi,
1157 633 1239 672 quod
1260 633 1495 672 Spalatinus
1519 643 1608 662 manu
1631 643 1689 661 sua
1712 634 1844 672 scripsit.
1892 632 1956 661 Hoc
1985 632 2111 662 alterum

101 676 266 706 confirmari
278 675 396 706 videtur
409 676 526 705 duabus
540 676 784 705 annotationibus
802 676 893 705 Max.
918 676 1118 710 Moerlini‚
1143 677 1193 715 qui
1217 677 1244 705 in
1270 687 1327 705 suo
1341 676 1479 715 exemplo
1492 675 1645 705 Editionis
1663 679 1686 705 1.
1701 675 1847 705 Melanth.
1862 677 1893 713 ²¹⁵)
1907 683 1949 713 (in
1964 675 2109 706 Biblioth.

102 719 200 749 ducali
225 718 364 749 Gothana
391 722 566 753 asservato)
595 719 634 748 ad
662 719 754 748 verba
784 719 900 748 articuli
924 720 993 750 XX.
1018 724 1070 753 „et
1093 720 1228 749 dicunt
1252 729 1308 748 nos
1334 720 1391 749 fide
1415 724 1444 748 et
1468 719 1612 758 operibus
1637 719 1814 748 iustiticari“
1846 720 1873 747 in
1905 719 2037 758 margine
2061 718 2111 748 ad-

99 763 235 802 scripsit:
261 761 452 801 „Spalatit
476 772 584 791 manus
608 766 638 791 et
661 763 786 800 primum
810 762 963 802 exemplar
975 764 1025 795 *¹¹²)
1055 762 1166 792 habent
1190 762 1233 791 do
1244 766 1347 792 cent“
1372 770 1454 802 (proz
1482 763 1597 800 dicunt)
1628 766 1658 792 et
1686 763 1713 791 in
1744 761 1871 792 articulo
1902 761 1940 791 de
1971 763 2110 801 coniugio

100 805 297 835 sacerdotum
322 805 360 835 ad
383 806 491 834 verba:
518 815 629 844 „quam
653 810 689 834 vt
714 806 741 835 in
766 807 864 844 ignem
890 806 1009 835 deliciis
1034 807 1102 835 suis
1128 806 1257 835 cadant“
1280 805 1449 835 adnotavit:
1475 805 1586 845 Spal:
1611 807 1639 835 in
1663 815 1752 835 manu
1775 806 1886 844 scripto
1910 809 1947 834 vt
1969 806 2111 835 omittit.“

100 847 236 888 Utraque
260 849 339 878 enim
362 848 453 878 lectio
477 848 634 888 spalatina
657 849 685 877 in
711 848 768 878 hoc
792 848 908 878 Codice
931 849 1056 878 XVimar.
1080 850 1233 888 reperitur.
1280 849 1454 887 signabitur
1472 849 1565 887 sigla:
1596 848 1684 878 Wim.

254 891 311 921 His
335 890 502 921 Codicibus
526 893 686 921 recensitis
710 896 898 921 transeamus
926 892 964 921 ad
988 891 1198 921 Editiones
1223 891 1333 921 latinae
1357 891 1591 925 consessionis,
1626 902 1748 931 quarum
1779 895 1842 920 tres
1870 890 1985 920 classes
2008 891 2110 921 distin-

100 934 238 974 guendae
262 939 347 965 sunt:
383 937 408 964 1.
432 934 593 964 Editiones
614 936 783 972 formarum
809 935 1059 964 interniediamm
1082 934 1172 964 huius
1196 933 1428 966 consessionis:
1462 936 1488 965 2.
1513 935 1674 964 Editiones
1694 936 1816 972 formae
1838 936 1990 973 inteyrae,
2011 934 2110 973 qualis

97 978 126 1007 in
150 976 290 1008 Comitiis
316 977 468 1017 praelecta
491 982 522 1008 et
546 977 719 1017 Imperatori
741 978 874 1007 exhibita
898 982 960 1008 est:
986 980 1014 1007 3.
1039 977 1199 1007 Editiones
1219 978 1340 1014 formae
1359 987 1400 1007 ea:
1421 978 1482 1007 hac
1504 980 1628 1016 inteyra
1648 980 1797 1007 variatae.

384 1127 409 1160 1.
464 1125 687 1159 Editiones
716 1125 933 1159 formarum
963 1125 1319 1159 intermediarum
1349 1124 1640 1158 ConsessioniS
1669 1125 1833 1159 latinae.

254 1215 331 1246 Cum
354 1216 457 1256 plures
481 1221 602 1246 exstent
626 1216 769 1250 Codices,
790 1217 840 1255 qui
856 1217 976 1254 formas
997 1217 1197 1246 intermedias
1216 1217 1307 1246 huius
1321 1216 1536 1247 Confessionis
1561 1217 1714 1253 exhibent,
1737 1221 1769 1246 ut
1792 1227 1884 1256 supra
1908 1217 2112 1253 ostendimus,

97 1270 154 1289 non
178 1260 343 1289 mirandum
366 1264 432 1296 est,
461 1261 550 1289 etiam
576 1259 742 1289 Editiones
766 1270 802 1289 ex
823 1259 885 1289 illis
909 1260 1078 1290 Codicibus
1102 1260 1196 1290 factas
1221 1264 1351 1295 exstare,
1376 1271 1454 1300 quae
1478 1260 1556 1290 tales
1576 1260 1688 1290 formas
1712 1260 1905 1290 intermedias
1930 1261 2110 1292 contineant.

96 1302 257 1333 Eiusmodi
280 1302 442 1333 Editiones
467 1303 675 1333 recensendae
699 1307 770 1333 sunt
793 1303 904 1333 haece:

924 1440 952 1473 l.
970 1440 1080 1472 Editio
1091 1440 1288 1472 Fabricii.

251 1524 336 1555 Haec
353 1525 467 1561 Editio,
494 1536 582 1565 quam
603 1526 780 1556 Andreas
804 1526 1011 1557 Fabricius
1034 1525 1226 1561 Leodius,
1252 1525 1425 1566 Principum
1444 1526 1562 1556 Alherti
1586 1530 1616 1556 et
1630 1525 1754 1556 Ernesti
1779 1527 1845 1556 eius
1869 1526 1932 1561 filii,
1957 1524 2112 1557 Comitum

97 1567 301 1642 gsstffiKff-nl
324 1568 437 1604 Rheni,
461 1569 664 1604 consiliarius,
685 1580 723 1599 ex
741 1573 930 1610 prototypo,
950 1574 982 1600 ut
1005 1571 1073 1609 ipse
1086 1570 1250 1605 contendit,
1270 1570 1353 1609 typis
1379 1569 1612 1599 describendam
1635 1570 1758 1605 curavit,
1783 1570 1951 1600 continetur
1970 1571 1998 1599 in
2017 1570 2113 1600 hocce

306 1680 481 1710 Harmonia
501 1680 505 1721 Ι
533 1679 708 1718 Confessio:
728 1685 732 1717 Ι
753 1682 802 1710 nis
822 1680 1035 1720 Avyvstanae,
1055 1684 1060 1717 Ι
1081 1681 1246 1711 doctrinae
1268 1681 1465 1720 evanyelicae
1484 1681 1488 1718 Ι
1510 1691 1683 1710 consensvm
1702 1681 1877 1710 declaratis.
1899 1682 1903 1724 Ι
1923 1682 2112 1712 Adiunctum

350 1727 396 1752 est
420 1723 529 1753 Caroli
549 1722 659 1756 Quinti
683 1723 829 1754 Caesaris
847 1734 965 1763 semper
984 1724 1126 1763 Aayusti,
1143 1735 1198 1764 po-
1220 1727 1224 1764 Ι
1245 1726 1540 1763 tentissimorumque
1562 1724 1694 1765 Imperij
1719 1724 1893 1754 Christiani
1916 1725 2110 1765 Ptine-epum,

351 1776 389 1795 ac
409 1768 413 1805 Ι
433 1766 680 1795 doctissimorum
711 1768 812 1796 nostri
834 1767 951 1797 saeculi
977 1767 1129 1797 hominum
1159 1768 1199 1797 de
1228 1778 1276 1797 ea·
1296 1770 1301 1808 Ι
1321 1768 1389 1797 (lem
1415 1767 1617 1805 Confessione
1640 1767 1798 1798 iudicium.
1821 1771 1824 1807 Ι
1847 1768 1957 1797 Omnia
1975 1770 2007 1798 in
2026 1779 2112 1798 vnvm

349 1809 442 1838 veluti
459 1810 578 1847 fascem
597 1821 675 1838 ‹·om=
696 1813 699 1836 1
718 1813 850 1848 portata
874 1811 978 1840 stvdio
998 1814 1028 1839 et
1046 1822 1152 1849 opera,
1173 1812 1177 1850 Ι
1198 1811 1343 1840 Andreae
1370 1811 1509 1840 Fabricii
1532 1811 1658 1848 Leodii,
1683 1810 1966 1841 Illustrissimorum
1989 1811 2112 1841 Princi-

345 1862 420 1892 pum
440 1854 444 1889 Ι
470 1852 591 1882 ΑΙΖιει-ίί
622 1857 651 1882 et
674 1852 802 1882 Ernesti
827 1855 892 1883 eins
910 1853 988 1892 filij,
1015 1856 1156 1883 comitum
1175 1853 1340 1883 Palatino-
1359 1854 1363 1895 Ι
1384 1864 1448 1883 ram
1471 1853 1583 1891 Rheni,
1605 1864 1642 1883 ac
1661 1855 1815 1894 virimque
1835 1854 1996 1884 Banariae
2018 1855 2081 1884 Da·
2106 1855 2110 1896 Ι

350 1905 416 1924 cum
437 1895 633 1936 Consiliarij.
655 1897 660 1935 Ι
681 1896 888 1936 (Typographi
914 1898 1047 1935 insigne,
1074 1900 1100 1926 in
1126 1908 1185 1936 quo
1209 1897 1348 1936 leguntur
1372 1897 1447 1926 haec
1471 1897 1574 1928 verba:
1600 1897 1716 1926 Psalm.
1741 1900 1793 1929 46.
1815 1901 1819 1933 Ι
1840 1898 2017 1927 Benedices
2036 1900 2041 1939 Ι
2062 1908 2113 1927 co-

348 1949 444 1967 ronae
463 1941 516 1967 αῆί
537 1940 541 1971 Ι
561 1939 733 1977 beniynitm
753 1941 758 1978 Ι
780 1941 820 1969 tis
840 1942 931 1978 tvae.)
953 1942 956 1977 Ι
989 1939 1140 1969 Coloniae
1159 1944 1162 1977 Ι
1185 1941 1268 1980 apud
1293 1941 1463 1970 Maternum
1488 1940 1654 1971 Cholinom.
1676 1941 1679 1978 Ι
1706 1940 1748 1969 M.
1774 1940 1815 1969 D.
1840 1941 1991 1971 LXXIII.
2012 1942 2016 1979 Ι
2038 1941 2113 1971 Cam

348 1983 456 2021 qratia
481 1982 509 2019 ᾇ·
535 1981 712 2021 Priuileyl'o
744 1983 918 2012 Caesareae
942 1983 1066 2012 Maiest.
1098 1985 1129 2012 in
1154 1983 1352 2013 Decennium.
1401 1986 1417 2013 6
1442 1983 1503 2012 soll.
1529 1995 1586 2013 non
1612 1995 1689 2013 num.
1714 1983 1768 2015 litt.
1793 1995 1810 2013 a
1833 1985 1971 2023 signata,
1996 1988 2026 2014 et
2051 1987 2112 2014 574

348 2034 436 2064 pagg.
463 2035 551 2059 num,
575 2024 640 2055 Fui.
666 2025 745 2063 (Pol.
760 2036 776 2054 a
792 2027 823 2055 '2³
847 2044 887 2048 —
903 2031 935 2056 6Δ
958 2026 1085 2056 Fabricii
1110 2027 1241 2065 epistola
1268 2027 1450 2056 dedicatoria
1473 2027 1511 2055 ad
1534 2027 1692 2057 Albertum
1716 2027 1917 2057 etErnestum
1937 2027 2111 2067 Principes;

349 2067 400 2097 sol.
416 2070 479 2097 a6¹³
503 2068 552 2097 Ad
576 2068 771 2098 christianum
795 2070 939 2099 lectorem
964 2071 1177 2109 praemonitio:
1208 2080 1274 2110 pag.
1303 2073 1414 2100 1—10.
1440 2069 1675 2099 Protestantium
1701 2070 1844 2110 praefatio
1876 2071 1915 2100 ad
1946 2070 2110 2101 Caesarem

349 2110 490 2140 Carolum
514 2111 552 2140 V.
577 2122 614 2140 ex
638 2116 798 2151 prototypo
822 2117 964 2143 extracta.
986 2131 1025 2136 -
1046 2112 1197 2142 Praefatio
1217 2114 1321 2142 eadem
1342 2114 1379 2142 ad
1404 2111 1567 2142 Caesarem
1592 2112 1733 2142 Carolum
1756 2113 1804 2148 V.,
1829 2114 1857 2143 in
1883 2115 2022 2143 omnibus
2036 2113 2111 2143 Wit-

348 2154 602 2193 tenbergensihus
627 2155 850 2195 exemplaribus
871 2157 991 2185 variata.
1017 2175 1057 2179 —
1083 2155 1183 2187 Caroli
1204 2155 1349 2186 Caesaris
1373 2161 1404 2187 et
1429 2154 1654 2186 Catholicorum
1679 2156 1849 2196 Principum
1879 2157 1917 2186 ad
1940 2157 2070 2187 oblatam
2095 2166 2113 2186 a

349 2195 594 2227 Protestantihus
610 2197 846 2228 consessionem
867 2200 1036 2238 responsiO.
1057 2218 1096 2221 —
1121 2198 1161 2229 Io.
1187 2198 1333 2229 Cochlaei
1354 2201 1552 2238 Augustanae
1576 2199 1791 2229 consessionis
1816 2200 1981 2231 discussio.
2004 2219 2040 2223 --
2063 2199 2112 2229 Al-

347 2239 458 2278 phonsi
487 2240 621 2270 Vin-vesti
654 2240 852 2272 Canariensis
876 2241 1024 2283 Episcopi
1053 2241 1223 2282 Philippica
1248 2244 1358 2282 prima,
1390 2243 1437 2272 De
1468 2243 1650 2282 Dogmatum
1680 2243 1869 2272 multitudine
1896 2248 1926 2273 et
1949 2244 2112 2278 varietate3

348 2293 377 2321 p.
397 2286 433 2311 10
457 2287 583 2313 extr.-—
600 2287 670 2314 574.
695 2284 912 2314 Consessionis
937 2287 1132 2318 Augustanae
1157 2296 1193 2315 ex
1216 2285 1382 2326 Prototypo
1403 2287 1583 2326 desumptae
1598 2286 1733 2316 Articuli.
1759 2296 1883 2325 quorum
1908 2287 2039 2326 singulis
2063 2286 2112 2315 ad-

349 2327 481 2365 scriptae
505 2331 575 2356 sunt
599 2326 699 2357 Caroli
725 2327 869 2357 Caesaris
895 2333 924 2357 et
949 2327 1173 2359 Catholicorum
1198 2328 1369 2368 Principum
1393 2330 1431 2358 ad
1456 2340 1511 2359 eos
1541 2330 1777 2368 responsiones.
1813 2329 1953 2359 Andreae
1982 2330 2111 2360 Fabricii

347 2368 455 2398 Leodii
475 2370 762 2412 animadversiones,
783 2370 903 2401 Ioannis
922 2382 939 2400 a
952 2371 1114 2401 Dave-utria
1137 2372 1346 2408 refutationes,
1371 2373 1521 2413 Alphonsi
1536 2374 1665 2402 Virvesii
1690 2371 1890 2412 Philippicae,
1909 2371 1950 2402 Io.
1966 2372 2111 2403 Cochlaei

207 2513 233 2546 ⁸)
254 2515 280 2540 In
299 2515 346 2540 hoc
365 2516 510 2547 exemplum
530 2516 704 2542 Moerlinus
723 2520 857 2547 praeterea
878 2518 1052 2548 transscripsit
1071 2519 1261 2551 annotationes,
1283 2525 1346 2550 quas
1367 2519 1526 2545 Lutnerus
1553 2519 1576 2543 in
1599 2518 1719 2549 exemplo
1739 2518 1786 2549 ipsi
1811 2524 1824 2542 a
1845 2518 2045 2543 §telanthone
2066 2519 2112 2545 do-

254 2553 321 2577 nato.
340 2550 406 2581 quod
426 2557 494 2576 nunc
512 2551 537 2575 in
557 2551 671 2576 Biblioth.
692 2553 762 2582 regia
782 2553 920 2578 Dresdensi
940 2556 1096 2579 asservatur.
1116 2554 1161 2584 (ex
1179 2560 1228 2584 qua
1248 2560 1315 2579 nunc
1334 2554 1358 2579 in
1378 2555 1495 2579 manibus
1515 2554 1610 2582 habeo)
1630 2553 1770 2584 Apologiae
1790 2552 1971 2584 adscripscrat.

190 2589 235 2623 ⁸⁸)
254 2592 397 2623 Exemplar.
415 2593 482 2624 quod
501 2593 524 2618 b.
545 2594 560 2618 1.
575 2595 698 2624 primum
717 2596 871 2626 appellatur.
891 2602 940 2620 non
962 2599 1001 2620 est
1021 2596 1099 2621 Editio
1118 2597 1220 2627 antiqua
1241 2597 1296 2627 illa,
1321 2603 1386 2627 quae
1406 2603 1429 2621 a.
1453 2597 1524 2622 1530.
1543 2596 1648 2627 prodiit,
1673 2597 1765 2628 quippe
1785 2603 1850 2628 quae
1869 2602 1951 2628 aeque
1975 2602 2005 2622 ac
2023 2596 2064 2621 Ed.
2088 2598 2110 2622 1.

253 2626 308 2651 Met.
326 2627 415 2652 habet:
434 2627 542 2659 dicunt,
561 2628 606 2653 sed
625 2629 704 2655 Editio
723 2629 807 2655 adhuc
825 2630 920 2661 ignota,
941 2630 972 2655 de
992 2637 1040 2661 qua
1060 2630 1126 2655 intra
1144 2630 1249 2657 ditetur.

305 2685 443 2705 mamm-n
467 2687 548 2705 oran.
564 2687 626 2706 von.
638 2688 716 2707 xxvi⁴
1871 2682 1901 2706 15
