2324 2944
238 169 302 202 395

237 275 311 297 cum
341 263 466 296 Paulus
495 264 615 306 inquit,
649 263 888 306 Vnusquisque
916 263 1037 295 habeat
1066 271 1216 299 vxorem,

235 308 278 339 ad
301 308 467 339 vitandam
490 305 752 345 fornicationem,
771 313 861 338 certe
880 305 1217 347 praecipitomnibus,

236 351 291 393 qui
319 361 384 382 non
415 356 493 382 sunt
516 351 628 382 idonei
651 351 694 382 ad
718 349 936 386 coelibatum,
959 355 993 380 vt
1017 345 1218 379 contrabant

236 394 400 436 coniugia.
446 393 488 425 Et
512 393 665 426 Christus
688 400 818 430 monet,
847 402 912 423 non
937 400 1054 421 omnes
1076 390 1216 422 idoneos

235 447 313 468 esse
336 437 378 468 ad
402 435 615 475 coelibatum,
639 446 712 468 cnm
737 436 799 473 ait,
830 434 907 464 Non
937 443 1052 465 omnes
1082 433 1218 474 capiunt

236 481 373 512 verbum
397 481 474 512 hoc.

323 522 446 561 Porro,
476 532 538 554 nec
565 521 660 563 leges
692 517 873 557 humanae,
902 529 966 551 nec
999 523 1081 549 vota
1105 515 1219 549 valent

235 567 418 608 pugnantia
441 576 515 597 cum
545 564 700 595 mandato
735 562 864 599 diuino,
899 561 941 592 Et
971 566 1112 592 euentus
1146 561 1218 601 ipse

235 616 393 645 testatur,
425 615 574 639 naturam
598 605 732 647 legibus
762 603 915 635 humanis
938 614 1007 636 non
1030 612 1133 645 posse
1152 613 1219 634 mu-

235 653 305 683 tari.
339 652 499 682 Videmus
513 655 671 690 quantum
695 648 907 688 turpitudinis
930 647 1041 689 pariat
1063 644 1119 678 ille
1143 657 1219 678 coe-

235 693 369 726 libatus
418 695 467 725 Ae
492 691 578 733 siqui
600 697 678 722 sunt
710 691 786 722 boni
816 690 896 728 viri,
914 693 967 728 ⁵⁷)
997 690 1052 732 qui
1083 689 1220 720 student

236 747 313 769 esse
333 737 434 773 casti,
465 736 497 766 hi
528 733 717 776 intelligunt
741 735 854 765 oneris
876 740 910 765 et
932 731 1070 774 periculi
1094 732 1220 774 magui·

235 781 398 817 tudinem,
427 786 458 810 et
482 778 662 819 praecipue
691 774 867 818 deplorant
895 776 983 808 hanc
1011 776 1063 808 sui
1093 776 1219 807 ordinis

235 824 438 854 seruitutem.
477 820 650 852 lnNicena
673 820 826 862 Synodo,
849 820 983 861 quidam
1007 819 1119 851 conati
1142 824 1221 850 sunt

234 865 343 907 legem
367 865 468 902 serre,
492 870 527 894 vt
549 863 783 895 sacerdotibus
806 863 1061 894 interdiceretur
1080 872 1220 894 eonsue-

235 909 349 940 tudine
372 908 561 947 coniugum.
607 905 794 946 Repudiata
823 912 876 936 est
897 905 982 936 haec
1005 903 1061 935 lex
1085 906 1127 935 ab
1152 903 1222 935 vni·
1242 907 1244 916 ¹

235 962 335 984 uersa
359 951 509 990 Synodo.
555 948 596 980 Et
619 947 680 980 suit
704 948 872 990 quondam
891 949 1000 979 mitior
1018 947 1136 979 Latina
1161 946 1222 977 Eo-
1242 955 1245 992 i

237 993 359 1031 clesia,
390 992 531 1025 Taunum
559 992 645 1023 enim
675 991 859 1023 dimittebat
887 1001 907 1022 a
930 990 1125 1032 ministerijs
1148 1000 1222 1028 eOS,

236 1038 291 1079 qui
316 1048 389 1069 cnm
415 1041 569 1078 gererent
593 1046 713 1066 munus
738 1033 1032 1072 Ecclesiasticnm,
1055 1034 1244 1084 ducebant¹

235 1090 377 1117 vxores,
409 1090 474 1110 non
506 1077 673 1120 prohibuit
694 1078 895 1119 coniugium.
942 1076 1033 1108 Haec
1056 1087 1145 1108 noua
1168 1075 1223 1107 lex

236 1131 288 1155 est
313 1122 523 1160 Pontificum,
546 1123 662 1163 ignota
681 1122 783 1152 veteri
799 1119 972 1152 Ecclesiae
996 1131 1037 1151 ac
1061 1120 1222 1162 SynodiS,
1242 1153 1245 1163 Δ

236 1167 377 1209 quaein
401 1173 505 1198 totum
529 1165 684 1207 prohibet
707 1165 881 1206 coniugia,
905 1169 938 1196 et
961 1169 1134 1195 contracta
1157 1163 1222 1194 dis·
1242 1170 1245 1206 ff

236 1210 342 1242 trahit*

324 1279 464 1309 Constat
496 1283 606 1309 autem
630 1284 794 1319 vtranque
825 1283 951 1318 partem
974 1275 1072 1307 huius
1096 1275 1244 1313 decretig

236 1332 386 1365 pugnare
428 1332 502 1353 cum
537 1319 734 1363 Euangelio.
791 1319 969 1362 Allegatur
1005 1325 1123 1350 contra
1159 1328 1222 1349 nos
1242 1324 1243 1346 1

236 1364 414 1397 Ecclesiae
436 1372 467 1395 et
492 1364 705 1406 Synodorum
729 1364 903 1401 autoritas,
928 1372 1027 1404 quam
1040 1361 1222 1393 Pontifices
1242 1359 1245 1396 ἱ

237 1409 302 1450 ipsi
314 1407 410 1440 huius
430 1408 555 1439 decreti
568 1414 704 1438 autores
717 1407 925 1448 impudenter
938 1410 1222 1447 contempserunt.
1242 1434 1245 1447 ,

237 1452 310 1484 Nec
345 1453 490 1483 obscure
527 1449 795 1482 reclamauerunt
836 1450 878 1491 pij
904 1449 1111 1486 sacerdotes,
1145 1448 1223 1479 huic

236 1505 347 1527 nouae
370 1493 449 1537 legi.
478 1494 565 1526 Nam
587 1491 747 1525 historiae
759 1492 1024 1526 Ecclesiasticae
1047 1498 1223 1529 testantur,
1242 1483 1245 1523 Ϊ

238 1549 311 1570 eam
335 1549 401 1569 non
425 1538 497 1569 sine
510 1537 682 1568 acerrimis
695 1537 932 1568 certaminibus
946 1535 1132 1576 impositam
1146 1545 1245 1576 esse;

237 1580 411 1614 Ecclesiis.
456 1581 720 1612 Tarraconensis
744 1579 932 1621 Episcopus
957 1579 1073 1610 scribit
1095 1579 1137 1610 ad
1162 1579 1246 1623 8)*-ἰ

238 1626 354 1657 ricium
378 1625 584 1660 Pontificem,
608 1624 812 1655 Sacerdotes
837 1623 1006 1664 Hispanos
1031 1633 1096 1653 non
1121 1632 1246 1664 posse*

237 1669 374 1706 adduci,
405 1674 438 1700 vt
468 1667 576 1710 legem
600 1667 783 1709 accipiant,
808 1678 873 1709 qua
895 1666 1154 1698 interdicebatur
1178 1666 1227 1697 eis

238 1712 479 1743 consuetudine
511 1721 670 1748 vxorum,
694 1711 786 1746 Quas
810 1711 854 1741 ini
879 1710 1050 1753 tragedias
1074 1709 1143 1751 agit
1167 1710 1226 1751 Sy-

238 1756 352 1791 ricius,
375 1766 473 1796 qnam
498 1753 713 1786 inclementer
737 1754 914 1786 rescribit?

327 1815 420 1847 llaec
445 1816 530 1847 enim
554 1822 632 1846 sunt
655 1814 776 1857 Syrietj
809 1816 923 1852 verba,
958 1815 1094 1856 indigna
1123 1813 1227 1855 ponti-

239 1860 313 1892 fice.
359 1859 459 1890 Dicat
482 1858 557 1890 mihi
583 1869 672 1890 nunc
696 1857 763 1897 illc,
792 1860 944 1900 quisquis
974 1864 1037 1894 est,
1079 1863 1228 1889 sectator

240 1903 422 1941 libidinum,
446 1908 690 1944 preceptorque
714 1903 884 1940 vitiorum,
910 1901 951 1933 Et
980 1901 1099 1933 deinde
1133 1899 1227 1931 Pauli

239 1947 362 1978 dictum
395 1945 634 1978 alienissimum
669 1946 845 1987 detorquet
878 1946 920 1977 ad
951 1955 1045 1976 snam
1080 1954 1226 1982 causam,

240 1990 304 2026 Qui
329 1990 360 2021 in
385 2000 487 2021 carne
510 1996 598 2027 sunt,
623 1987 759 2031 placere
783 1988 856 2020 Deo
883 2000 948 2020 non
974 1993 1134 2030 possunt,
1159 1987 1227 2019 Du-

239 2034 328 2065 bium
353 2032 506 2074 profecto
530 2040 594 2069 est,
620 2040 727 2064 vtrum
751 2032 914 2070 inscitiae,
938 2043 979 2063 an
1004 2031 1227 2073 impudentiae

238 2077 476 2108 ascribendum
503 2077 563 2108 sit.
593 2077 682 2117 qnod
714 2084 777 2107 tam
810 2075 1052 2107 contumeliose
1083 2075 1227 2116 loquitur

240 2120 283 2151 de
307 2121 475 2162 coningio.
528 2119 615 2150 Nih]
641 2120 724 2151 onim
755 2120 918 2161 agebatur
950 2118 1059 2157 aliud,
1093 2119 1156 2150 nisi
1192 2123 1227 2149 vt

240 2163 494 2195 interdiceretur
531 2163 772 2194 Sacerdotibus
808 2174 869 2194 vsu
904 2163 1100 2203 coniugum,
1142 2171 1227 2203 quas

239 2213 318 2238 tunc
343 2206 522 2238 habebant.
554 2205 680 2238 Deinde
696 2207 901 2247 posteriores
917 2206 1097 2237 Pontifices
1122 2204 1226 2236 multo

241 2250 338 2281 etiam
364 2250 519 2282 duriores
544 2249 692 2287 suerunt,
722 2261 795 2280 cuni
825 2250 992 2281 decretum
1018 2248 1227 2280 pontificium

240 2294 282 2324 de
294 2294 491 2335 abijcit-ndis
512 2294 683 2330 vxoribns,
708 2294 737 2323 in
764 2292 942 2324 Germania
966 2293 1121 2324 recitaret
1142 2291 1226 2334 Syn-

241 2337 307 2367 odo
348 2336 634 2378 Archiepiscopus
667 2336 906 2375 moguntinus,
944 2336 991 2367 lta
1029 2341 1227 2367 exarserunt

241 2380 291 2412 ira
315 2381 532 2412 Sacerdotes.
556 2388 589 2410 vt
610 2381 813 2411 initiarentur
837 2390 874 2411 se
898 2381 1053 2420 impetum
1078 2379 1226 2411 facturos

242 2424 275 2455 in
310 2424 417 2464 ipsum
453 2423 762 2466 Archiepiscopum.
823 2422 863 2454 Et
898 2430 968 2454 erat
997 2433 1051 2454 res
1081 2434 1155 2454 cum
1180 2422 1227 2453 in·

242 2467 362 2508 digna,
393 2473 459 2498 tum
489 2468 612 2499 acerba
641 2468 789 2509 abijcere
826 2471 1022 2508 praesentes
1050 2467 1226 2508 coniuges,

240 2510 301 2542 sed
328 2510 402 2541 vicit
434 2511 583 2548 tandem,
613 2510 666 2543 vel
700 2511 750 2542 vis
775 2509 827 2542 sel
844 2510 1067 2552 supersticio,
1092 2509 1228 2546 Quanto

243 2659 291 2691 57)
311 2660 373 2684 boni
396 2660 467 2692 viri.)
486 2667 522 2684 nc
541 2660 588 2684 Ed.
609 2662 650 2689 3.;
671 2660 718 2685 Ed.
739 2661 780 2686 ⁴.:
801 2661 851 2685 uiri
872 2660 942 2689 boni.

673 169 786 202 PHlL.
809 168 915 201 MEL.
934 167 1123 201 SCRlPTA
1146 165 1421 199 DOGMATICA
1441 165 1499 199 ET
1522 165 1792 199 SYMBOLtcA.

2190 167 2257 200 396

1268 261 1378 292 mitior
1401 260 1462 293 fuit
1485 260 1673 303 Cyprianus
1698 261 1914 299 mulieribus,
1941 271 2027 303 quae
2054 271 2123 293 non
2145 271 2257 294 serua-

1268 304 1351 334 bant
1371 305 1572 345 promissam
1586 305 1785 342 castitatem,
1797 303 1922 336 Scribit
1944 304 2032 335 enim
2054 303 2112 335 lib.
2136 305 2257 346 primo,
2287 315 2290 319 ’

1266 345 1420 387 Epistola
1442 347 1628 378 vndecima.
1664 346 1700 378 Si
1723 356 1950 386 perseuerare
1972 345 2091 378 nolunt
2112 353 2172 380 aut
2189 357 2257 379 non

1267 396 1421 429 possunt,
1432 388 1551 420 melius
1565 395 1628 427 est,
1647 394 1683 419 vt
1706 390 1832 420 nubant
1851 399 1950 431 quam
1972 394 2008 421 vt
2022 390 2056 421 in
2073 389 2183 432 ignem
2201 390 2257 422 de-

1268 430 1354 472 licijs
1377 431 1449 462 suis
1473 431 1606 469 cadant,
1629 438 1722 463 certe
1745 430 1871 463 nullum
1894 431 2054 465 iratribus
2077 439 2135 464 aut
2158 442 2257 465 soro-

1268 473 1362 505 ribus
1386 473 1585 506 scandalum
1607 475 1780 516 prebeant.

1355 548 1461 582 Porro
1474 550 1618 582 iniustae
1630 549 1725 594 leges
1745 561 1810 583 non
1830 550 1942 583 solent
1961 561 2039 584 esse
2062 557 2257 594 perpetuae,

1271 592 1440 635 Rogamus
1464 593 1565 635 igitur
1588 595 1748 635 optimum
1761 594 2011 636 imperatorem,
2035 602 2071 626 vt
2095 596 2180 628 inter
2203 605 2257 628 ce-

1269 641 1342 667 tera
1363 634 1539 668 Ecclesiae
1568 637 1780 669 incommoda
1810 637 1911 669 etiam
1938 637 2036 670 huius
2059 637 2146 680 legis
2169 639 2258 671 vicia

1270 678 1481 717 consideret,
1517 690 1582 721 qua
1611 681 1643 711 in
1666 691 1704 712 re
1728 686 1760 712 et
1782 679 1864 712 illud
1887 681 2168 713 considerandum
2191 687 2256 713 est.

1269 721 1396 753 Natura
1419 722 1493 763 ipsa
1520 723 1688 756 hominum
1720 722 1821 755 veluti
1851 724 1997 755 senescit
2026 731 2060 756 et
2089 723 2125 756 fit
2152 724 2257 756 imbe-

1271 763 1389 796 cillior.
1424 765 1538 800 Quare
1561 767 1801 807 prouidendum
1826 773 1890 805 est,
1914 777 1956 799 ne
1979 767 2066 799 vicia
2088 772 2257 800 crescant.

1270 807 1342 839 Nec
1377 808 1502 840 debent
1537 807 1632 851 leges
1671 810 1764 851 ipsae
1804 811 1933 842 semina
1972 820 2050 842 esse
2084 810 2256 842 viciorum.

1270 849 1367 882 Plato
1393 852 1592 892 grauissime
1615 853 1704 889 dicit,
1714 852 1808 892 leges
1823 853 1952 884 virtutis
1973 862 2078 885 causa
2099 851 2258 882 serendas

1270 901 1358 931 esse,
1372 893 1426 923 An
1449 899 1561 924 autem
1586 893 1717 925 traditio
1741 895 1782 925 de
1805 892 1973 927 coelibatu
1996 893 2128 934 pietatis
2150 903 2258 926 causa

1270 941 1510 976 propugnetur,
1533 942 1591 967 aut
1614 935 1679 968 alio
1703 938 1846 978 quodam
1871 936 2026 975 consiliu,
2038 947 2106 968 non
2123 934 2260 969 difficile

1271 984 1323 1009 est
1355 978 1513 1010 iudicare.
1559 978 1755 1019 Postremo,
1783 990 1857 1011 cum
1889 978 2045 1011 Christus
2080 979 2259 1021 praecipue
2304 1010 2306 1013 ,

1242 1027 1244 1034 ·
1270 1021 1553 1053 commendauerit
1583 1023 1647 1064 pijs
1672 1033 1786 1054 curam
1815 1023 2040 1054 ministrorum
2068 1021 2258 1064 Euangelij,

1270 1074 1442 1106 rogamus,
1468 1072 1500 1096 vt
1525 1066 1667 1106 optimus
1693 1065 1887 1107 Imperator,
1900 1064 2259 1106 seniciainprohibeat,

1243 1124 1245 1130 ·
1270 1118 1356 1149 quae
1381 1107 1435 1138 diu
1459 1108 1523 1139 iam
1546 1109 1578 1139 ia
1602 1107 1753 1140 homines
1777 1109 1867 1150 pios,
1893 1108 2096 1140 Sacerdotes
2121 1118 2257 1140 exerce-

1271 1158 1340 1188 tur,
1369 1161 1408 1182 ac
1433 1162 1506 1182 cum
1531 1149 1685 1183 Ecclesia
1709 1153 1821 1193 potius
1845 1149 2023 1190 deliberet,
2053 1161 2153 1194 quam
2182 1161 2259 1183 cum

1270 1194 1476 1236 aduersariis
1508 1195 1645 1226 nostris.
1692 1194 1826 1227 Debent
1853 1195 1887 1225 in
1909 1194 2065 1226 Ecclesia
2093 1193 2260 1226 excellere

1271 1235 1403 1268 dilectio
1442 1242 1475 1268 et
1508 1238 1750 1273 misericordia,
1781 1237 1893 1273 Quare
1928 1238 2067 1269 maxime
2099 1237 2261 1270 abhorret

1272 1290 1352 1312 vera
1377 1279 1547 1318 Ecclesia,
1578 1291 1599 1312 a
1628 1279 1826 1312 crudelitate
1857 1290 1924 1311 non
1956 1281 2166 1320 necessaria,
2196 1291 2261 1313 nec

1270 1321 1341 1355 vult
1369 1323 1511 1354 interfici
1535 1325 1742 1355 Sacerdotes
1772 1329 1910 1365 propter
1933 1325 2141 1365 tyrannicam
2164 1323 2262 1355 tradi-

1270 1367 1413 1404 tionem,
1443 1367 1541 1398 Parci
1565 1367 1663 1398 etiam
1686 1365 1758 1399 vult
1781 1367 1911 1398 miseris
1934 1366 2130 1399 mulieribus
2159 1377 2201 1398 ac
2223 1365 2262 1398 li·

1271 1409 1362 1441 beris
1380 1410 1606 1448 sacerdotnm,
1619 1410 1743 1442 llorum
1763 1410 1906 1441 omnium
1925 1410 2025 1442 vitam
2044 1420 2085 1441 ac
2107 1407 2262 1448 salutem,

1270 1451 1424 1484 Ecclesia
1456 1453 1513 1484 tibi
1544 1451 1802 1485 clementissime
1826 1453 2010 1494 Imperator
2038 1453 2262 1492 commendat,

1271 1496 1396 1528 Omnes
1431 1497 1475 1539 pij
1507 1497 1630 1538 vbique
1658 1503 1820 1529 terrarum
1852 1495 2043 1528 afficiuntur
2065 1495 2184 1528 horum
2207 1506 2263 1528 ca·

1271 1538 1488 1578 lamitatibus,
1513 1546 1545 1571 et
1570 1540 1660 1571 taciti
1684 1541 1876 1571 desiderant
1900 1539 2123 1571 Christianam
2149 1538 2264 1571 lenita·

1277 1588 1341 1614 tem
1369 1583 1400 1613 in
1430 1583 1494 1614 hoc
1526 1585 1685 1625 negocio,
1710 1584 1832 1625 tibique
1857 1583 2054 1615 comunibus
2077 1581 2262 1625 lachrymis

1277 1626 1396 1657 doctos
1419 1633 1452 1658 et
1476 1627 1583 1658 bonos
1608 1627 1716 1665 viros,
1739 1625 1914 1658 Ecclesiae
1939 1625 2056 1665 vtiles,
2085 1632 2115 1657 et
2143 1625 2264 1658 horum

1277 1671 1439 1711 coniuges
1463 1680 1503 1701 ac
1527 1669 1652 1701 liberos
1685 1670 1937 1708 commendant,
1967 1679 2064 1712 quem
2095 1669 2207 1701 vident
2231 1674 2265 1701 et

1277 1720 1394 1744 natura
1423 1713 1584 1754 preditum
1615 1724 1694 1745 esse
1729 1714 1846 1744 eximia
1882 1713 2023 1755 quadam
2058 1719 2091 1744 et
2125 1711 2263 1744 heroica

1279 1757 1436 1794 bonitate,
1461 1764 1493 1787 et
1518 1758 1550 1787 in
1574 1756 1638 1789 lrac
1663 1768 1765 1789 causa
1790 1756 1954 1788 hactenus
1981 1755 2143 1798 singulari
2166 1765 2263 1787 vsutn

1277 1810 1355 1831 esse
1377 1800 1618 1838 moderatione,
1639 1812 1725 1842 quac
1748 1801 1879 1841 quidem
1902 1799 2071 1842 significat
2094 1805 2125 1831 te
2149 1799 2191 1830 tle
2213 1809 2264 1831 re·

1275 1842 1410 1884 publica
1438 1843 1500 1874 rite
1530 1844 1681 1875 saturanda
1706 1843 1903 1875 deliberare.
1955 1842 2030 1874 Non
2054 1840 2126 1874 vult
2148 1840 2264 1874 Eccle-
2285 1871 2288 1875 .

1276 1887 1344 1925 sia,
1374 1894 1406 1917 te
1434 1885 1564 1918 alienae
1588 1886 1794 1919 crudelitatis
1819 1887 2005 1918 ministrnm
2035 1885 2117 1917 fieri.
2161 1884 2265 1917 Maxi·

1277 1941 1350 1961 mus
1380 1929 1488 1961 honor
1522 1936 1573 1962 est
1603 1930 1750 1973 Regum,
1784 1941 1880 1972 quein
1912 1929 2023 1961 tribuit
2053 1930 2101 1960 eis
2132 1927 2264 1967 Esaias,

1277 1984 1351 2005 cuin
1376 1974 1479 2015 inquit
1517 1984 1576 2005 eos
1611 1975 1735 2005 debere
1766 1971 1942 2005 Ecclesiae
1976 1972 2136 2005 inm-icius
2175 1982 2266 2011 esse,

1275 2015 1341 2048 hoc
1377 2024 1425 2047 est
1452 2017 1608 2058 lmperia,
1639 2016 1868 2049 defensionem
1901 2016 2011 2057 pacis,
2040 2021 2074 2047 et
2101 2014 2265 2047 humanae

1275 2060 1463 2098 societatis,
1478 2059 1665 2092 nonsolum
1691 2058 1858 2101 corporali
1883 2058 2013 2091 militati
2037 2059 2178 2097 seruire,
2202 2058 2265 2090 sed

1276 2104 1374 2134 etiam
1398 2104 1557 2135 adiuuare
1572 2103 1802 2145 Euangelinm,
1817 2114 1891 2135 cnm
1916 2101 2070 2134 xidclicet
2092 2109 2124 2133 et
2151 2108 2266 2143 tegunt

1276 2146 1492 2185 Sacerdotes,
1510 2154 1541 2178 et
1556 2146 1826 2188 tranquillitatem
1851 2147 2038 2178 cluitntibus
2063 2145 2264 2184 concedunt,

1276 2196 1311 2221 vt
1335 2190 1460 2221 institui
1484 2190 1526 2221 ad
1551 2189 1744 2232 religionem
1769 2191 1938 2227 iuuentus,
1964 2196 1996 2221 et
2020 2189 2132 2220 doceri
2163 2187 2266 2220 homi-

1276 2244 1337 2264 nes
1361 2233 1502 2275 possint.
1556 2232 1666 2275 Rogat
1696 2233 1795 2276 igitur
1819 2231 1989 2271 lim-lesia,
2021 2239 2056 2264 vt
2079 2231 2266 2264 memineris

1275 2277 1331 2307 tibi
1346 2277 1419 2318 pios
1432 2277 1648 2314 Sacerdotes,
1665 2284 1821 2318 tanquam
1840 2275 1996 2307 alumnos
2017 2275 2160 2307 tuendos
2173 2284 2265 2313 esse,

1275 2319 1380 2351 Tuum
1401 2331 1519 2352 munus
1543 2327 1607 2358 est,
1622 2321 1831 2352 innocentiae
1851 2319 2019 2361 praesidio
2038 2329 2128 2357 esse,
2153 2315 2266 2360 depel-

1275 2362 1347 2395 lere
1371 2364 1520 2401 iniurias,
1535 2365 1714 2404 prime-ipae
1727 2364 1770 2395 nb
1791 2361 2023 2398 imbecillibus,
2047 2362 2102 2404 qui
2125 2371 2163 2394 se
2181 2361 2266 2394 tueri

1275 2417 1342 2439 non
1367 2413 1507 2449 possunt
1531 2408 1603 2448 ipsi,
1625 2418 1646 2438 a
1671 2407 1735 2448 pijs
1759 2405 1967 2444 mulieribus,
1991 2417 2011 2437 n
2035 2405 2194 2448 puericia,
2223 2404 2267 2437 ab

1276 2449 1446 2492 orphanis.
1493 2450 1527 2482 ln
1553 2449 1603 2482 his
1628 2451 1725 2482 ctiam
1749 2450 1966 2482 Sacerdotum
1990 2449 2151 2491 coniuges
2174 2454 2208 2480 et
2230 2446 2266 2479 li-

1276 2494 1391 2532 beros,
1415 2494 1469 2536 qui
1493 2504 1572 2525 vere
1595 2502 1673 2526 sunt
1698 2492 1852 2536 orphani,
1875 2493 1932 2525 tibi
1956 2492 2159 2525 commissos
2187 2501 2267 2525 esse

1277 2537 1437 2569 diuinitus
1461 2537 1643 2569 existimes.

1366 2605 1520 2639 Ecclesia
1545 2605 1597 2638 vel
1629 2607 1770 2638 iiiaxime
1797 2605 1994 2647 φιλόστοργος
2027 2609 2097 2643 est,
2126 2609 2159 2637 et
2197 2613 2266 2636 non

1277 2650 1377 2683 modo
1401 2651 1579 2694 coniugam
1604 2651 1688 2683 inter
1711 2660 1749 2682 se
1772 2651 1960 2688 caritatem,
1990 2653 2161 2691 parentum
2183 2656 2267 2691 erga
