2324 2944
84 237 127 269 sti
139 241 219 268 sunt
240 246 279 268 se
291 236 343 268 his
354 237 435 268 rixis
447 235 661 267 traditionum
683 234 845 276 impediri,
869 243 935 276 quo
958 234 1068 266 minus
1091 239 1095 297 Ι

84 278 189 311 libere
208 279 337 310 versari
356 280 388 310 in
408 277 546 310 meliore
569 277 741 309 doetrinae
765 287 889 319 genere
912 283 1066 318 possent.

85 321 170 354 Cum
192 322 290 362 igitur
313 322 502 353 huiusmodi
524 319 785 360 supersticiosae
813 320 987 360 opiniones
1011 319 1068 350 he-

83 369 198 396 rerent
220 364 254 395 in
277 364 527 402 traditionibus,
549 371 694 394 necesse
716 360 777 393 fuit
799 363 982 394 admonere
1003 360 1067 394 Ec·

84 405 219 445 clesias,
243 407 322 449 quid
341 407 382 438 de
400 405 635 438 traditionibus
648 404 857 436 sentiendum
879 405 933 438 sit,
953 414 1068 436 errore

85 450 158 491 pias
180 455 309 481 mentes
334 448 494 486 liberare,
528 448 653 480 mederi
680 448 810 487 pauidis
840 447 1068 488 conseiendjs,

84 491 255 525 illustrare
277 495 330 530 ⁵⁰)
353 491 551 524 beneficium
568 490 703 522 Christi.
739 489 814 521 Non
837 490 903 521 hoc
924 490 1066 531 agimus,

83 541 120 568 vt
148 534 369 567 labefactetur
398 535 559 567 autoritas
588 532 850 565 Ecclesiasticae
878 533 1068 573 potestatis,

84 588 151 610 non
175 577 379 610 detrahimus
399 578 439 609 de
461 577 620 619 dignitate
643 576 898 617 Episcoporum,
921 584 988 606 non
1001 575 1067 605 dis-

84 621 232 662 sipamus
254 619 392 659 εὐταξίαν
415 619 608 657 Ecclesiae,
636 618 741 651 Recte
760 617 950 650 intellectae
969 617 1067 648 tradi·

84 665 193 696 tiones
215 667 326 706 magis
349 669 513 701 amantur,
527 663 595 694 Sed
619 660 697 693 illae
719 662 870 693 iudaicae
892 660 1066 702 opiniones

83 713 211 739 tantum
222 706 521 747 reprehenduntur,
539 706 597 738 sic
613 706 714 747 igitur
738 705 897 736 docemus
910 705 951 734 de
974 713 1066 734 cere-

84 750 225 791 monijs,
261 749 406 781 bumana
440 749 618 780 autoritate
656 748 798 779 conditis
832 747 865 778 in
900 745 1064 777 Ecclesia.

83 791 229 824 Primum
259 793 299 824 de
328 792 560 823 traditionibus
584 801 671 832 quae
700 795 850 832 pugnant
878 800 952 821 cum
974 799 1065 820 man-

84 834 171 864 datis
194 834 272 870 Dei,
293 841 351 866 aut
374 845 438 866 non
462 841 606 873 possunt
618 835 792 865 obseruari
815 833 888 863 sine
910 838 1064 872 peceato,¹

84 875 264 917 Sequenda
294 882 345 906 est
373 874 491 917 regula
521 874 774 915 Apostolorum.
820 876 960 915 Oportet
987 873 1063 904 Deo

83 919 190 960 magis
218 918 355 950 obedire
385 929 485 960 quam
509 917 714 955 hominibus,
736 915 827 948 Talis
858 922 909 947 est
932 916 1063 946 traditio

85 962 128 993 de
156 960 310 993 celibatu.
366 961 495 992 Deinde
524 961 565 992 de
595 959 731 1002 reliquis
755 958 955 1000 eeremonijs
979 968 1065 999 quae

85 1010 163 1036 sunt
191 1014 252 1035 sua
281 1011 401 1035 natura
432 1013 485 1034 res
517 1004 646 1035 mediae
675 1013 736 1034 seu
761 1001 1005 1038 indifferentes,
1028 1008 1064 1032 vt

84 1047 218 1085 ieiunia,
240 1045 354 1085 feriae,
378 1047 568 1078 discrimina
591 1047 742 1082 vestitus,
757 1051 787 1077 et
800 1043 936 1082 similes,
950 1044 1065 1075 Scien-

87 1089 164 1121 dum
188 1095 260 1128 est,
284 1088 369 1121 tales
393 1090 649 1121 obseruationes
671 1099 734 1120 nec
757 1087 876 1119 mereri
899 1086 1065 1117 remissio-

85 1143 159 1163 nem
180 1138 413 1173 peccatorum,
436 1142 499 1163 nec
527 1132 706 1169 iusticiam,
737 1141 800 1161 nec
828 1128 1065 1169 perfectionem

86 1174 307 1206 Christianam
332 1185 426 1212 esse,
453 1175 521 1205 Sed
550 1184 605 1205 res
634 1183 712 1205 esse
740 1173 946 1213 adiaphoras
979 1181 1066 1213 quae

85 1224 178 1248 extra
201 1217 353 1249 scandali
377 1227 491 1248 casum
515 1217 618 1248 omitti
642 1222 794 1257 possunt.
1088 1217 1092 1247 Ι

171 1259 374 1291 Testimouia
408 1261 506 1292 huius
547 1260 732 1291 sententiae
770 1257 871 1300 plana
906 1263 938 1288 et
973 1255 1092 1288 clara*

85 1309 162 1334 sunt
190 1304 222 1334 in
247 1302 432 1345 Euangelio
464 1309 496 1335 et
527 1302 807 1344 disputationibus
831 1299 936 1332 Pauli.
981 1300 1066 1332 Nam

85 1346 223 1387 spiritus
254 1353 390 1377 sauctus
421 1347 511 1377 duxit
535 1355 659 1387 operae
678 1345 824 1385 precium
849 1354 938 1382 esse,
960 1349 996 1374 vt
1019 1343 1065 1374 di-

84 1388 228 1431 ligenter
262 1389 303 1420 de
336 1389 400 1420 hae
434 1399 471 1420 re
493 1394 641 1420 moueret
661 1387 861 1421 Ecclesiam,
890 1397 933 1418 ne
952 1396 1063 1427 super-

84 1433 232 1464 sticiosis·
256 1432 466 1473 opinionibus
489 1433 689 1463 obrueretur
711 1428 939 1472 Euangelium.

172 1475 288 1506 Roma.
315 1475 365 1506 14.
395 1475 544 1516 Regnum
566 1474 628 1506 Dei
659 1484 725 1505 non
750 1480 802 1504 est
825 1483 904 1504 esca
927 1479 984 1504 aut
1007 1482 1064 1512 po-

86 1525 152 1557 tuS,
176 1518 243 1550 Sed
266 1518 408 1557 iusticia,
422 1529 487 1559 pax
512 1524 544 1549 et
562 1518 718 1560 gaudium
737 1518 767 1548 in
793 1516 909 1557 spiritu
932 1520 1063 1546 sancto.

86 1561 149 1593 Hic
172 1562 256 1592 satis
280 1560 370 1592 clare
393 1562 492 1593 docet
506 1560 642 1598 Paulus.
656 1558 1064 1596 iusticiamChristianam,

86 1614 164 1636 esse
194 1609 304 1634 motus
333 1604 525 1645 spirituales
546 1604 676 1641 cordis,
707 1613 774 1634 non
801 1611 880 1634 esse
909 1608 1065 1633 externas

86 1647 342 1678 obseruationes
361 1647 528 1685 ciborum,
554 1648 680 1678 dierum
704 1653 766 1678 etc.

173 1688 352 1721 Coloss.2.
371 1689 476 1721 Nemo
500 1690 621 1721 iudicet
638 1699 702 1731 *vos
727 1689 758 1720 in
783 1688 868 1722 cibo,
892 1694 984 1728 potu,
1008 1693 1065 1719 aut

87 1739 182 1774 parte
212 1733 276 1764 diei
305 1731 399 1771 sesti,
434 1733 529 1764 Vetat
560 1733 696 1764 iudicari
727 1732 969 1768 conscientias,
999 1730 1065 1762 hoc

89 1782 150 1816 est,
173 1776 387 1807 condemnari
418 1777 643 1808 conscientias
662 1776 694 1807 in
719 1785 782 1806 vsu
806 1773 918 1805 talium
943 1783 1063 1811 rerum,

87 1820 150 1851 sed
177 1828 319 1860 prorsus
349 1817 418 1850 vult
447 1819 562 1850 haberi
585 1830 645 1860 pro
670 1820 770 1849 rebus
793 1817 1065 1854 indifferentibus,

87 1869 121 1894 et
143 1872 229 1904 quae
251 1871 318 1893 non
346 1862 510 1903 pertinent
539 1863 581 1893 ad
610 1862 773 1893 iusticiam
803 1858 987 1902 Euangelij.
1022 1859 1064 1890 Et

87 1906 206 1938 deinde
227 1903 331 1946 longa
355 1912 387 1936 et
411 1906 523 1946 grauis
547 1906 663 1936 concio
687 1912 758 1942 est,
786 1909 819 1935 et
841 1904 883 1934 de
905 1902 1064 1935 Mosaicis

87 1949 223 1988 ritibus,
247 1956 280 1979 et
303 1949 344 1979 de
367 1948 575 1991 Ceremonijs
605 1949 759 1980 institutis
783 1946 925 1978 humana
949 1946 1065 1978 autho-

87 1992 202 2029 ritate,
221 1990 386 2032 Loquitur
398 1992 483 2023 enim
498 1990 622 2023 Paulus
641 1992 682 2022 de
696 1998 837 2032 vtroque
860 1999 983 2032 genere
1006 1999 1066 2020 no-

87 2035 245 2072 minatim,
269 2034 378 2076 Negat
399 2044 471 2066 eam
496 2045 573 2066 esse
596 2035 759 2066 iusticiam
780 2033 1010 2071 Christianam,
1033 2039 1066 2064 et

87 2083 179 2109 vetat
201 2078 425 2109 conscientias
449 2088 589 2109 onerare
608 2077 731 2109 talibus
761 2077 1008 2114 traditionibus,
1030 2075 1066 2108 Si

87 2120 206 2152 mortui
219 2121 300 2152 estis
314 2130 387 2152 eum
401 2120 535 2153 Christo
559 2122 601 2153 ab
626 2120 798 2153 elementis
822 2120 944 2157 mundi,
962 2129 1066 2161 quare

89 2170 244 2205 tanquam
269 2163 420 2195 viuentes
442 2165 474 2195 in
498 2165 632 2202 mundo,
645 2165 780 2196 decreta
803 2161 925 2201 facitis,
945 2163 995 2194 Ne
1018 2168 1066 2193 at·

89 2207 212 2249 tinges,
235 2217 278 2238 ne
301 2213 430 2248 gustes,
453 2217 496 2238 ne
520 2214 720 2240 contrectes.

173 2249 295 2281 Matth.
322 2249 372 2281 15.
398 2251 506 2281 Omne
526 2251 614 2292 quod
634 2251 735 2282 intrat
757 2250 790 2281 in
814 2259 865 2288 os,
887 2259 953 2280 non
978 2248 1068 2279 coin·

89 2293 202 2336 quinat
225 2292 409 2333 bominem,
427 2292 469 2324 Et
488 2294 617 2335 quidem
639 2294 682 2325 ibi
712 2300 852 2325 excusat
880 2291 1067 2334 Apostolos
1093 2312 1096 2361 ἲ

1092 2366 1096 2408 i

156 2407 216 2433 307.
235 2406 278 2430 lin.
297 2406 354 2436 22.)
375 2404 445 2430 habet
463 2405 512 2430 Ed.
537 2406 577 2431 2.:
601 2413 629 2431 se
653 2407 746 2430 mereri
773 2407 952 2431 remissionem
977 2412 1067 2436 pecca-

158 2445 243 2464 torum
262 2445 287 2464 et
305 2440 522 2469 iustificatiouem,
540 2441 570 2471 2)
585 2449 646 2473 pro:
666 2449 718 2465 non
738 2443 865 2473 possimus
885 2441 996 2471 gratiam
1016 2447 1067 2463 me-

158 2477 219 2505 reri,
238 2479 282 2499 aut
300 2475 442 2504 iustificari,
462 2476 504 2507 (p.
523 2476 581 2501 307.
601 2476 641 2500 It'n.
661 2477 703 2502 25.
723 2477 781 2506 26.)
799 2477 913 2508 Ieyuntur
931 2483 956 2498 in
975 2473 1022 2500 Ed.
1040 2476 1065 2500 2.

157 2509 258 2534 haecce:
286 2517 340 2534 non
369 2511 496 2541 possimus
524 2512 617 2535 mereri
641 2511 819 2535 remissionem
843 2514 1009 2542 peccatorum
1036 2517 1067 2533 ac

157 2544 375 2574 iustificationem,
386 2545 415 2573 3)
423 2545 560 2577 paulopost
574 2553 638 2577 pro:
657 2546 819 2570 necessarius
838 2545 930 2570 cultus.
950 2544 993 2576 (p.
1005 2544 1064 2570 307.

157 2579 200 2603 lin.
219 2579 261 2604 27.
280 2580 336 2610 28.)
355 2578 450 2604 exhibet
468 2579 518 2604 Ed.
538 2580 580 2605 2.:
598 2580 738 2612 necessat-ij
757 2581 847 2605 cultus.

88 2622 135 2653 50)
153 2621 293 2654 illustrare]
311 2623 348 2646 εἰσ
365 2621 414 2646 Ed.
432 2623 474 2652 3.;
494 2622 541 2648 Ed.
558 2622 598 2648 4.:
618 2626 644 2647 et
660 2622 789 2649 illustrare

668 140 708 174 11.
751 140 792 174 Β.
837 139 1082 174 CONFEsSto
1100 139 1379 173 AUGUSTANA
1399 140 1511 174 IPSA.

2030 141 2096 174 39⁰

1116 233 1282 267 violantes
1304 236 1461 267 vsitatam
1479 235 1702 272 traditionem,
1727 242 1759 266 et
1781 236 1873 267 addit
1896 237 2094 266 sententiam

1115 276 1375 316 memorabilem,
1387 278 1526 310 Frustra
1548 277 1662 310 colunt
1674 288 1725 310 me
1738 279 1901 310 mandatis
1915 279 2094 317 hominum,

1114 321 1225 363 Negat
1248 330 1326 352 esse
1343 331 1445 353 veros
1468 327 1500 352 et
1511 320 1609 352 vtiles
1623 319 1732 352 cultus
1749 321 1791 352 ad
1803 322 1966 353 iusticiam
1981 332 2094 352 eoram

1115 363 1210 402 Deo,
1234 374 1338 405 quare
1360 373 1426 395 non
1450 370 1527 395 sunt
1549 364 1675 395 iusticia
1701 362 1905 402 Christiana,
1930 375 1994 396 nec
2016 371 2092 396 sunt

1115 407 1300 448 neeessarij
1324 405 1446 444 cultus,
1473 407 1572 448 Atqui
1597 412 1730 438 constat
1753 408 1784 437 in
1806 405 1958 438 Ecclesia
1982 407 2093 439 huma-

1115 459 1179 479 nos
1203 448 1316 481 cultus
1352 450 1470 480 mirum
1510 449 1543 480 in
1573 450 1706 480 modum
1737 449 1901 480 hactenus
1934 451 2092 481 creuisse.

1115 490 1270 526 Quotidie
1293 491 1507 523 cumulabant
1528 492 1684 523 monachi
1709 493 1929 530 ceremonias,
1951 494 2047 523 nouis
2061 500 2094 524 et

1115 534 1417 575 supersticionibus
1441 541 1474 565 et
1497 535 1662 575 aucupiis·
1709 535 1750 565 Et
1779 534 1842 565 hae
1866 545 1976 576 nugae
1999 542 2092 575 puta-

1115 578 1235 608 bantur
1258 587 1336 608 esse
1358 577 1528 619 praecipui
1552 576 1662 608 cultus
1676 577 1751 614 Dei,
1774 578 1953 618 praecipua
1975 579 2093 618 pietas,

1115 629 1189 651 cum
1203 619 1358 651 Christus
1370 628 1436 652 tam
1461 620 1556 661 graui
1580 617 1716 650 oraculo
1740 625 1829 651 vetet
1853 620 2014 651 humanas
2039 631 2093 652 ee-

1113 663 1279 694 remonias
1308 663 1425 694 haberi
1454 673 1515 704 pro
1540 661 1693 694 cultibus.
1728 662 1803 693 Non
1827 663 1913 694 enim
1937 663 2090 703 prohibet

1114 706 1260 737 condere
1288 707 1485 738 traditiones
1520 706 1562 737 ad
1591 705 1687 737 finem
1719 704 1903 745 politicum,
1933 705 1998 737 hoe
2029 713 2091 740 est,

1112 755 1250 790 propter
1274 749 1395 780 bonum
1418 749 1651 787 ordinem,scd
1666 747 1774 780 cultus
1795 758 1872 780 esse
1884 755 1999 790 negat,
2018 759 2091 780 cum

1112 792 1168 830 ait,
1192 792 1329 823 Frustra
1354 791 1466 823 colunt
1486 802 1547 823 me.
1582 791 1621 822 Es
1637 792 1733 823 docet
1755 801 1855 822 veros
1880 790 1989 823 cultus
2013 802 2091 823 esse

1113 845 1215 875 opera
1238 835 1392 866 diuinitus
1416 841 1584 876 precepta,
1605 834 1786 872 Timorem,
1809 834 1918 872 fidem,
1943 833 2090 866 dileetio-

1112 887 1198 914 nem,
1211 878 1411 917 patientiam,
1425 878 1622 915 castitatem,
1635 887 1752 918 parere
1776 878 1955 916 vocationi,
1978 877 2090 910 faeere

1112 918 1259 951 officium
1283 925 1344 951 etc.
1361 921 1413 957 ⁴⁹)

1197 962 1272 992 Aet.
1298 962 1348 992 15.
1368 961 1410 993 ait
1438 961 1566 993 Petrus.
1592 962 1703 997 Quare
1727 963 1859 993 tentatis
1886 962 2006 1001 Deum,
2029 965 2089 994 im-

1111 1011 1275 1044 ponentes
1287 1004 1524 1046 inguni,=super
1549 1006 1700 1036 ceruit-es
1725 1004 1976 1045 discipulorum,
1999 1007 2089 1048 quod

1112 1057 1220 1088 neque
1249 1057 1312 1078 nos
1342 1057 1452 1088 neque
1481 1054 1593 1088 patres
1618 1048 1722 1078 nostri
1745 1056 1879 1089 portare
1909 1049 2088 1089 potuimus,

1112 1090 1172 1120 sed
1196 1100 1256 1130 per
1280 1090 1419 1131 gratiam
1442 1090 1574 1121 Domini
1594 1092 1699 1122 nostri
1727 1091 1802 1122 lesu
1832 1090 1955 1122 Christi
1985 1092 2089 1123 credi-

1111 1142 1185 1163 mus
1209 1131 1351 1170 saluari,
1384 1133 1662 1174 quemadmodum
1691 1139 1721 1164 et
1744 1132 1858 1171 {tlt-⁵1)
1900 1133 1959 1164 Hic
1989 1135 2089 1165 docet

1112 1174 1231 1206 Petrus
1262 1176 1457 1217 contingere
1481 1177 1579 1206 nobis
1614 1177 1842 1207 remissionem
1876 1183 2091 1217 peecatorum

1112 1223 1144 1249 et
1166 1217 1308 1249 salutem
1332 1225 1468 1260 propter
1482 1217 1662 1257 Christum,
1685 1230 1751 1251 non
1772 1224 1909 1260 propter
1921 1219 2091 1251 Mosaicos

1111 1268 1166 1292 aut
1191 1260 1316 1292 similes
1341 1262 1435 1293 ritus.
1467 1261 1508 1292 Et
1530 1262 1702 1300 admonet,
1733 1263 1930 1303 grauissime
1950 1273 2091 1303 peccare

1112 1303 1199 1343 illos,
1223 1304 1277 1345 qui
1301 1305 1527 1336 conscientias
1547 1312 1686 1337 onerant
1707 1296 1828 1336 talibus
1852 1306 2091 1337 obseruationi-

1112 1348 1185 1377 bus.
1226 1347 1296 1378 Nec
1328 1347 1414 1379 enim
1433 1346 1518 1379 leuis
1541 1354 1594 1379 est
1617 1347 1850 1390 reprehensio,
1881 1359 1954 1380 cum
1978 1350 2092 1391 inquit,

1111 1390 1197 1426 Quid
1221 1391 1356 1421 tentatis
1378 1390 1508 1422 Deum?
1522 1393 1575 1430 ⁵¹)

1198 1432 1240 1463 Et
1266 1433 1292 1464 l.
1315 1433 1458 1465 Timoth.
1478 1434 1507 1464 t.
1535 1440 1631 1465 vocat
1648 1436 1700 1472 ⁵²)
1723 1434 1974 1475 prohibitionem
2004 1436 2091 1466 cibo·

1112 1487 1195 1514 rum,
1219 1476 1421 1518 coniugij,et
1445 1475 1572 1508 similes
1596 1477 1801 1512 traditiones,
1822 1478 1991 1509 doctrinas
2017 1479 2092 1509 dae-

1112 1520 1307 1551 moniorum.
1353 1520 1465 1555 Quare
1485 1526 1594 1551 antem
1617 1526 1682 1551 tam
1707 1521 1813 1552 atroci
1838 1522 1988 1552 conuicio
2013 1531 2093 1553 rsus

1115 1563 1187 1594 est?
1231 1562 1306 1593 Non
1330 1562 1434 1595 voluit
1462 1562 1574 1595 nullas
1598 1574 1738 1604 prorsus
1761 1563 1831 1595 fieri
1857 1564 2094 1601 ordinationes,

1114 1604 1205 1637 nulla
1227 1606 1355 1637 seruari
1380 1607 1570 1637 discrimina
1593 1605 1760 1645 locorum,
1784 1614 1979 1649 temporum.
2026 1607 2094 1639 Scrl

1114 1655 1192 1681 tunc
1216 1649 1315 1680 sentit
1339 1659 1418 1681 esse
1437 1650 1604 1680 doctrinas
1629 1650 1889 1688 daemoniorum,
1902 1651 2035 1691 quando
2061 1651 2092 1681 in

1115 1702 1174 1724 eas
1198 1691 1398 1724 transfertur
1423 1692 1616 1725 beneficium
1640 1693 1782 1731 Christi,
1813 1694 1945 1735 quando
1969 1693 2093 1724 haben-

1114 1742 1167 1768 tur
1200 1746 1261 1777 pro
1295 1735 1447 1774 iusticia,
1482 1737 1559 1767 item
1597 1747 1658 1777 pro
1693 1737 1899 1778 necessariis
1935 1735 2090 1769 cultibus.

1113 1779 1246 1821 quando
1271 1777 1441 1821 affingitur
1459 1779 1570 1821 opinio
1596 1780 1820 1818 necessitatis,
1846 1786 1877 1811 et
1902 1781 2092 1811 cruciantur

1114 1822 1357 1861 conscientiae,
1386 1829 1418 1854 et
1447 1823 1611 1855 excutitur
1645 1823 1695 1854 eis
1719 1822 1820 1861 fides,
1850 1822 1941 1855 Haec
1969 1824 2092 1854 incom-

1113 2022 1160 2053 51)
1179 2022 1229 2046 Hie
1255 2022 1330 2046 docet
1354 2022 1445 2045 Petrus
1471 2024 1622 2054 contingere
1643 2036 1672 2040 —-
1694 2036 1726 2040 -
1747 2022 1816 2051 Quid
1844 2024 1948 2047 tentatis
1979 2022 2094 2055 1)eum?]

1183 2057 1220 2081 sic
1237 2057 1318 2081 Editt.
1338 2058 1361 2082 3.
1380 2058 1420 2086 4.;
1440 2057 1519 2080 Editt.
1540 2059 1564 2082 1.
1583 2060 1618 2082 2.:
1637 2057 1686 2081 Hic
1705 2062 1777 2080 vetat
1794 2057 1884 2080 Petrus
1905 2065 2016 2081 onerare
2036 2066 2096 2081 cun-

1183 2093 1305 2115 scientias
1324 2092 1440 2122 pluribus
1460 2093 1549 2116 ritibus
1569 2093 1625 2115 siue
1644 2091 1712 2115 Mosi
1731 2093 1785 2115 siue
1804 2092 1870 2122 alijs.
1892 2092 1960 2121 (vide
1979 2100 2055 2123 snpra
2073 2101 2098 2125 p.

1182 2127 1242 2152 308.
1263 2126 1304 2151 Im.
1323 2127 1365 2151 20.
1385 2127 1439 2158 21.)

1115 2169 1162 2201 52)
1181 2169 1381 2201 prohibitionem
1401 2170 1526 2199 ciborum,
1546 2170 1668 2201 coniugij,
1688 2173 1714 2193 et
1732 2171 1787 2193 sim.
1814 2170 1881 2194 trad.
1901 2183 1933 2187 —
1958 2183 1991 2187 -
2010 2170 2097 2200 requi-

1186 2205 1220 2228 rit
1238 2204 1318 2234 Deus,
1337 2208 1364 2227 vt
1383 2212 1487 2228 carnem
1507 2205 1666 2236 coherceat]
1687 2206 1723 2228 sic
1741 2205 1790 2228 Ed.
1816 2206 1839 2227 3.
1866 2207 1887 2228 et
1909 2203 2017 2234 (duabus
2036 2204 2097 2227 Iocis

1185 2239 1301 2271 exceptis,
1320 2247 1378 2270 quos
1398 2240 1422 2262 in
1440 2240 1504 2263 nutis
1523 2241 1564 2265 53.
1585 2241 1626 2264 54.
1647 2239 1787 2271 ufferemus)
1814 2239 1862 2262 Ed.
1882 2239 1920 2263 4.;
1942 2239 1989 2261 Ed.
2012 2240 2033 2263 1.
2048 2246 2096 2269 pro

1185 2274 1236 2297 iltis
1259 2272 1331 2298 habet
1360 2273 1420 2298 haec
1450 2274 1538 2299 rerba:
1564 2274 1764 2305 prohibitionem
1793 2274 1922 2301 ciborum,
1951 2274 2096 2297 doctrinam

1186 2308 1396 2338 daemoniorum,
1419 2322 1451 2326 —
1471 2322 1503 2326 —
1529 2309 1678 2339 praedicare
1704 2309 1796 2331 bonam
1820 2309 2044 2331 conuersationem
2072 2312 2097 2330 et.

1185 2344 1316 2374 pietatem.
1337 2343 1407 2374 (vide
1420 2350 1495 2375 supra
1508 2351 1534 2375 p.
1548 2344 1607 2368 309.
1621 2343 1663 2367 lin,
1685 2344 1707 2367 1.
1722 2350 1788 2373 —p.
1801 2344 1859 2367 311.
1872 2343 1914 2366 lin.
1935 2343 1984 2372 7.).
2003 2341 2052 2366 Eri.
2072 2343 2096 2366 2.

1185 2385 1237 2401 cum
1256 2377 1306 2401 Ed.
1328 2378 1350 2401 l.
1371 2378 1488 2402 consent-'t
1502 2381 1605 2409 praeter
1623 2378 1693 2402 hosce
1711 2381 1762 2401 tres
1781 2377 1859 2400 locos:
1881 2377 1908 2407 1)
1931 2385 1978 2408 pro
2001 2375 2095 2400 verbis:

1184 2416 1211 2435 vt
1229 2419 1276 2443 per
1295 2419 1325 2435 ea
1343 2419 1488 2436 mereamur
1507 2413 1627 2443 gratiam,
1647 2413 1690 2444 (p.
1710 2412 1768 2437 309.
1789 2412 1830 2435 lin.
1851 2412 1874 2436 3.
1896 2411 1936 2442 4.)
1956 2412 1982 2434 in
2001 2411 2050 2434 Ed·
2070 2412 2095 2435 2-

1185 2447 1309 2478 (equatur-z
1334 2452 1361 2470 ut
1385 2454 1431 2478 per
1450 2454 1481 2470 ea
1504 2454 1646 2470 mereamur
1670 2447 1848 2470 remissionem
1880 2451 2043 2477 peccatorum
2072 2449 2097 2468 et

1184 2482 1402 2511 iustificationem,
1420 2482 1450 2511 2)
1465 2489 1529 2513 pro:
1554 2488 1699 2505 mereamur
1717 2482 1840 2512 gratiam,
1865 2485 1908 2504 aut
1931 2482 1992 2504 satis
2014 2480 2095 2504 sacia-

1184 2523 1240 2541 mus
1259 2523 1306 2548 pro
1326 2517 1446 2547 peccatis.
1467 2516 1508 2548 (p.
1529 2517 1587 2541 309.
1608 2516 1650 2540 lin.
1673 2516 1712 2541 18.
1733 2516 1787 2546 19.)
1808 2514 1879 2540 habet
1904 2515 1954 2539 Ed.
1979 2516 2018 2540 2.:
2043 2522 2095 2537 me-

1183 2558 1286 2575 reamur
1304 2552 1481 2575 remissionem
1500 2551 1591 2581 culpae
1610 2555 1655 2574 aut
1672 2553 1763 2575 mortis
1781 2554 1910 2574 aeternae.
1947 2550 1977 2580 3)
2003 2548 2096 2573 verba:

1183 2587 1345 2609 necessarius
1365 2585 1448 2609 cultus
1467 2587 1510 2618 (p.
1527 2586 1586 2612 310.
1607 2585 1650 2610 lin.
1672 2585 1726 2617 11.)
1750 2585 1851 2609 variata
1869 2588 1924 2609 sunt
1943 2585 1982 2608 in:
2007 2590 2094 2608 neees-

1183 2621 1244 2653 κη’]
1264 2620 1356 2645 cultus.

1833 2670 1894 2698 23·
