2324 2944
77 128 142 162 305

77 228 180 254 cetur.
198 224 250 260 99)
302 222 413 258 Quare
435 228 468 254 et
491 220 614 254 Paulus
637 222 670 253 in
696 222 785 253 hunc
800 224 853 257 ¹³⁰)
877 221 987 254 locum
1002 226 1054 261 61)
1079 243 1081 247 .

75 265 215 298 maxime
237 265 406 304 incumbit,
428 263 535 307 legem
559 271 590 296 et
609 264 800 296 traditiones
823 265 985 297 humanas
1001 267 1054 301 ⁰²)
1078 252 1082 279 l

75 313 238 347 remouet,¹
258 314 293 339 vt
305 311 318 327 ’ἱ
327 311 358 347 ³¹)
382 308 535 340 ostendat
548 308 709 340 iusticiam
722 307 940 339 Christianam
964 307 1053 340 aliud

98 351 228 382 uiddam
243 353 295 389 64)
319 361 407 389 esse,
431 361 527 393 quam
549 351 735 382 huiusmodi
758 361 876 392 opera,
901 350 1054 383 videlicet

100 394 173 425 dem
197 404 281 435 quae
305 394 410 425 credit
432 399 571 435 peccata
587 395 692 435 gratis
706 395 824 425 remitti
841 395 893 433 6⁵)
916 400 1054 436 propter

75 435 254 469 Christum.
277 440 329 475 6⁶)
379 437 423 468 At.
444 438 495 478 ὅ7)
527 436 611 468 haec
641 437 793 479 doctrina
824 436 935 476 Pauli,
970 447 1054 479 pene

74 484 142 511 tota
156 489 318 521 oppressa
331 486 381 511 est
394 480 668 521 pet-traditiones,
693 490 778 521 quae
790 487 985 522 pepererunt
1001 482 1052 519 as)

75 523 272 564 opinionem,
297 524 386 565 quod
410 533 470 565 per
492 523 680 554 discrimina
705 524 864 561 ciborum,
889 526 985 557 etos)
1009 524 1053 554 si-

73 564 169 597 miles
193 564 319 604 cultus,
344 572 498 608 oporteat
521 566 638 597 mereri
661 567 799 607 gratiam
824 572 856 598 et
881 566 1052 598 iusticiam.

73 609 110 640 ln
139 610 341 650 poenitentia
364 607 455 640 nulla
478 610 598 640 mentio
635 608 736 640 siebat
757 611 808 647 70)
838 610 879 640 de
908 609 984 648 fide,
1000 611 1052 648 ⁷¹)

73 657 199 683 tantum
222 651 308 684 haec
331 662 433 693 opera
456 650 681 683 satisfactoria
700 654 983 692 proponebantur,
1000 655 1052 690 79)

72 693 110 726 In
134 694 186 725 his
211 697 262 733 73)
291 695 466 727 videbatur
489 697 540 733 ⁷⁴)
570 695 771 735 poetutentia
801 702 869 726 tota
891 697 943 733 7⁵)
977 705 1052 727 con-

71 737 204 770 sistere.

159 780 332 819 Secundo,
371 779 435 812 hae
474 781 668 812 traditiones
709 781 974 812 obscurauerunt
1000 782 1052 817 ⁷⁶)

71 829 251 865 praecepta
274 823 350 862 Det,
374 824 449 866 quia
480 824 675 855 traditiones
695 823 796 865 longe
812 826 862 862 77)
886 822 1052 865 praefere-

71 867 192 898 bantur
216 867 404 908 praeceptis
417 866 492 905 Dei,
516 866 892 903 Christianismustotus
915 867 1051 908 putaba-

71 914 125 941 tur
147 919 225 940 esse
248 910 438 941 obseruatio
464 916 627 941 certarum
645 911 696 945 ⁷⁸)
721 908 893 947 seriarum,
918 910 1051 948 rituum,

70 952 276 990 ieiuniorum,
300 953 448 984 vestitus,
502 952 572 984 Hae
601 953 854 984 obseruationes
877 954 928 991 79)
959 959 1051 984 erant

70 995 103 1027 in
116 996 334 1036 possessione
348 998 401 1034 so)
419 995 644 1027 honestissimi
657 994 751 1034 tituli,
765 997 853 1037 quod
867 1001 982 1027 essent
996 997 1049 1031 3¹)

71 1039 140 1071 vita
151 1037 345 1080 spiritualiS,
369 1045 402 1070 et
414 1039 482 1070 vita
496 1040 549 1076 ⁸²)
574 1037 732 1080 perfecta,
751 1038 883 1070 Interim
895 1038 1051 1070 mandata

1073 1104 1078 1181 i

1073 1188 1078 1254 l

70 1202 118 1234 59)
137 1200 291 1234 collocetur]
311 1201 424 1225 Wirc.:
443 1201 581 1225 tolleretur
598 1201 632 1231 (Ρ)

69 1243 118 1276 60)
135 1248 243 1276 peccata
266 1248 372 1275 propter
395 1243 532 1273 Christum,
549 1257 584 1262 —
604 1243 700 1268 Paulus
723 1243 751 1267 in
779 1242 858 1276 hunc]
890 1242 950 1268 haec
975 1242 1052 1268 verba

140 1279 210 1303 Rat.
229 1278 255 1302 in
272 1279 383 1310 marqine
400 1277 505 1303 exhibet.
1074 1259 1079 1317 Ι

14 1346 17 1351 ,
69 1321 118 1353 61)
138 1321 234 1352 locum]
253 1322 278 1344 in
295 1321 364 1346 Rat.
383 1321 456 1346 deest.

70 1357 118 1389 62)
138 1356 293 1381 traditiones
311 1355 447 1388 humanas]
468 1355 573 1380 Fabr.:
593 1355 718 1380 humanas
737 1355 891 1380 traditiones

68 1399 117 1432 63)
136 1399 174 1432 vt]
196 1399 286 1424 Cass.
310 1400 335 1423 2.
355 1399 464 1431 primum
481 1397 580 1423 habuit:
605 1402 631 1423 et
657 1398 722 1431 quod
743 1398 830 1424 deinde
857 1402 993 1424 correctum
1018 1401 1053 1424 est

138 1435 176 1458 in:
194 1438 223 1457 ut

68 1476 116 1509 64)
135 1476 268 1509 quiddam]
288 1476 370 1500 Rata
390 1476 495 1507 quidem

68 1519 116 1552 65)
135 1521 216 1552 gratis
234 1518 338 1551 remitti]
358 1519 468 1544 Fabn:
487 1519 583 1544 remitti
600 1520 682 1550 gratis

68 1575 117 1608 66)
135 1580 243 1608 pet-cata
262 1576 343 1606 gratis
363 1575 459 1599 remitti
478 1579 583 1608 propter
594 1575 746 1608 Christum]
763 1575 848 1606 Rat.,
868 1576 984 1600 Wirc.:
1003 1583 1051 1601 nos

139 1615 244 1642 propter
262 1610 393 1633 Christum
412 1610 490 1641 recipi
508 1611 535 1634 in
558 1611 675 1640 gratiam.
711 1610 773 1634 Post
796 1611 906 1641 gratiam
930 1611 957 1634 ιἰι
979 1610 1050 1636 Rat.

140 1653 224 1669 errore
241 1643 337 1668 scribae
355 1644 417 1668 duas
435 1644 513 1668 lineas
528 1644 698 1677 subsequentes
712 1644 930 1677 praetermittentis
943 1646 1051 1677 primum

140 1683 210 1704 erant
228 1679 323 1712 scripta
340 1677 415 1702 verba
432 1681 489 1711 post
506 1679 564 1703 illas
581 1679 645 1703 duas
663 1679 742 1704 lineas
759 1681 896 1712 sequentia:
915 1681 987 1711 quod
1004 1688 1051 1712 per

140 1714 289 1737 discrimina
307 1713 437 1742 ciborum,
455 1721 518 1745 quae
536 1717 617 1738 autem
635 1713 722 1738 deinde
739 1713 820 1739 deleta
837 1717 901 1739 sum.

69 1769 117 1802 67)
137 1769 183 1801 At]
204 1769 290 1794 Ratz
309 1769 362 1799 Ad,
398 1768 490 1793 Fabr.
513 1768 578 1793 hanc
595 1777 675 1794 vocem
693 1770 791 1795 omittit.

69 1812 119 1845 68)
137 1811 304 1844 pepererunt]
325 1811 444 1837 Onold.
462 1812 538 1838 male:
557 1817 683 1845 peperunt

69 1856 117 1887 69)
137 1856 173 1887 et]
191 1857 218 1879 in
236 1855 290 1880 Ed.
310 1859 375 1879 ant.
395 1855 470 1880 deest.

71 1912 118 1944 ’10)
137 1913 233 1936 mentio
251 1911 341 1944 fiebat]
359 1911 492 1942 Dresd.‚
511 1911 600 1943 Nor„
620 1913 729 1944 Wim.,
753 1912 863 1938 Fabm
882 1913 961 1939 fiebat
978 1922 1049 1938 men-

139 1947 176 1970 tio
214 1946 318 1976 (Nor.:
345 1946 457 1976 mencio)
494 1945 523 1969 In
547 1946 616 1971 Rat.
639 1948 714 1980 prius
732 1949 849 1981 scriptum
866 1952 935 1974 erat:
955 1949 1051 1974 fiebant

136 1980 202 2013 quod
218 1981 244 2004 in
261 1981 339 2005 fiebat
357 1980 507 2006 emendatum
526 1985 570 2006 est.

68 2036 116 2069 ’11)
136 2037 168 2060 de
185 2035 247 2070 fide]
264 2035 336 2061 Rat.
355 2037 454 2062 omittit.

68 2079 116 2111 ’12)
135 2079 356 2111 proponebantur]
373 2079 482 2105 Fabia:
503 2081 700 2112 exponebantur

68 2122 116 2154 73)
135 2123 187 2154 his]
207 2122 290 2147 Ram
309 2123 360 2147 hiis
394 2123 451 2148 Ed.
471 2128 551 2148 ant.:
570 2124 601 2157 ijs

68 2165 115 2196 74)
133 2165 281 2198 videbatur]
302 2165 384 2196 Ru„
405 2166 515 2197 Wirc.,
533 2167 638 2192 Fabr.:
658 2168 795 2200 putabatur

68 2209 114 2239 75)
133 2209 291 2240 poenitentia
309 2207 373 2242 tota]
392 2208 477 2240 Ram,
495 2210 603 2236 WVirca
623 2215 679 2235 tota
696 2212 857 2243 poenitentia

68 2251 115 2282 ’16)
134 2251 348 2284 obsoni-auorum]
366 2251 451 2283 Rat.,
471 2252 583 2278 Wirc.:
603 2253 774 2279 obscurarunt

68 2294 115 2326 77)
134 2294 223 2327 longe]
244 2294 301 2319 Cas
309 2303 330 2319 s.
349 2296 372 2319 2.
390 2295 466 2320 male:
484 2296 580 2328 longae

68 2336 115 2369 78)
134 2337 272 2372 certarum]
292 2338 397 2363 Wim.:
417 2342 488 2363 certa

68 2379 115 2411 79)
133 2380 189 2404 Hae
219 2379 426 2415 obseruationes]
456 2381 536 2407 Ram:
565 2383 766 2410 obsernaciones
794 2385 856 2416 hae,
883 2385 939 2410 Ed.
969 2389 1046 2412 anm

135 2415 182 2439 has
201 2415 398 2440 obseruationes

67 2457 116 2490 80)
134 2463 208 2482 erant
234 2459 261 2483 in
286 2459 465 2491 possessione]
491 2459 580 2485 Non:
610 2461 638 2486 in
656 2463 822 2494 possessione
840 2467 927 2494 erant,
962 2463 1045 2488 Ram:

137 2497 211 2516 erant
228 2493 254 2517 in
272 2493 434 2525 professione
1066 2499 1075 2625 1

66 2533 114 2567 81)
133 2536 203 2566 quod
221 2535 317 2595 essept]
334 2536 428 2567 Nor„
447 2536 579 2570 Onold.,
595 2538 739 2564 Ed.ant.:
759 2541 829 2572 quod
840 2545 915 2571 esset,
932 2541 1045 2565 Wirc.:

137 2577 202 2601 quae
220 2577 277 2594 esse

67 2610 114 2644 ⁸2)
132 2610 196 2646 vita]
214 2613 241 2637 t'n
258 2613 375 2639 Onold.
399 2614 473 2640 deest.

261 2673 410 2695 num.
424 2674 506 2696 ortu.
521 2674 585 2697 VOL.
598 2675 680 2697 XXVI.

654 127 693 159 ΙΙ.
737 126 777 160 Β.
822 127 1069 162 CONFESSIO
1092 126 1368 182 AUfiUSTANA
1390 128 1503 163 tPsA.

2016 132 2081 164 306

1102 221 1165 253 Dei
1187 223 1277 254 iuxta
1300 223 1521 262 vocationem,
1535 226 1588 262 5³)
1611 223 1734 255 nullam
1749 225 1802 262 S⁴)
1825 223 1956 256 laudem
1980 225 2080 258 habe-

1103 266 1198 304 bant,
1228 265 1317 307 quod
1340 265 1576 307 paterfamilias
1606 268 1772 299 educabat
1795 266 1966 306 sobolem,
1991 270 2080 310 quod

1102 314 1206 340 mater
1221 310 1273 347 8ξ’)
1296 309 1459 349 pariebat,
1482 311 1570 351 quod
1592 310 1751 352 Princeps
1776 311 1915 351 regebat.
1933 312 1986 349 96)
2011 323 2080 343 rem

1100 350 1278 393 publicam,
1302 352 1387 383 haec
1409 354 1609 393 putabantur
1624 354 1677 388 87)
1701 364 1778 385 esse
1791 355 1844 390 5δὶ)
1868 364 1970 394 opera
1988 365 2080 386 mun-

1102 395 1186 425 dana
1209 401 1241 425 et
1254 396 1309 431 ⁸⁹)
1338 394 1545 435 imperfecta,
1569 403 1600 427 et
1623 395 1724 438 longe
1739 398 1791 434 9⁰)
1823 397 1987 429 deteriora
2015 396 2080 429 illis

1101 436 1282 478 splendidis
1296 438 1599 470 obseruationibus.
1645 439 1686 470 Et
1708 439 1761 470 hic
1775 450 1869 471 error
1891 439 1989 471 valde
2008 450 2082 472 cru-

1102 481 1267 518 ciauit⁹¹)
1296 481 1368 521 pias
1399 482 1640 520 conscientias,
1674 492 1759 523 quae
1782 485 1834 520 ¹³²)
1864 482 2019 514 dolebant
2042 493 2080 515 se

1101 524 1205 554 teneri
1229 522 1424 565 imperfecto
1441 527 1494 561 ⁸³³)
1519 525 1606 556 vitae
1627 534 1767 566 genere,
1783 527 1835 563 94)
1859 526 1889 556 111
1912 527 2081 568 coniugio,
2132 562 2134 565 Ι

1101 567 1133 597 111
1163 567 1427 608 magistratibus,
1448 569 1500 606 95)
1528 574 1585 599 aut
1612 568 1688 609 alijs
1719 567 1942 600 functIOni'ous
1982 568 2080 600 ciuili-

1101 609 1163 640 bus
1179 611 1232 644 ⁹¹⁵)
1256 610 1459 641 mirabantur
1471 610 1656 641 Monachos
1669 612 1720 645 97)
1745 617 1777 642 et
1789 611 1925 650 similes,
1950 617 1981 643 et
1994 611 2079 644 salso

1101 653 1258 693 putabant
1280 651 1410 684 illorum
1435 654 1687 685 obseruationes
1708 653 1780 685 Deo
1805 655 1969 696 gratiores
1993 665 2079 686 esse.

1185 694 1314 734 Tertio,
1345 697 1538 728 traditiones
1568 695 1747 728 attulerunt
1781 707 1902 739 magna
1931 697 2081 738 pericula

1101 738 1324 780 conscientijs,
1348 739 1425 780 quia
1446 738 1650 779 impossibile
1674 746 1744 771 erat
1757 750 1872 771 omnes
1885 741 2079 772 traditiones

1099 790 1255 819 seruare,
1277 782 1330 819 99)
1366 787 1398 813 et
1428 788 1537 814 tamen
1565 783 1715 814 homines
1743 784 1989 815 arbitrabantur
2015 784 2078 815 has

1099 824 1374 862 obseruationes,
1400 827 1452 863 99)
1493 827 1704 857 necessarios
1744 836 1821 858 esse
1856 826 1977 858 cultus.
2006 829 2078 866 ¹⁰⁰)

1100 865 1232 898 Gerson
1262 867 1378 898 scribit
1407 867 1528 900 multos
1558 869 1716 901 incidisse
1745 870 1777 900 in
1802 870 2079 910 desperationem,

1098 910 1259 951 quosdam
1274 910 1371 941 etiam
1390 913 1418 948 ¹)
1441 911 1503 942 sibi
1516 915 1697 947 mortem&
1722 913 1942 950 consciuisse‚
1957 913 2078 955 quia3)

1097 959 1286 991 senserant,
1301 955 1332 989 ⁴)
1356 963 1394 984 se
1413 963 1478 984 non
1498 965 1600 995 posse
1613 956 1695 986 satis
1711 953 1822 987 facere
1833 956 2077 995 traditionibus,

1097 1001 1129 1026 et
1156 995 1284 1026 interim
1319 995 1581 1028 consolationem
1615 997 1739 1029 nullam
1776 999 1817 1030 de
1844 998 1974 1030 iusticia
2002 999 2079 1031 fidei

1097 1043 1130 1069 et
1153 1037 1194 1068 de
1212 1038 1319 1078 gratia
1341 1039 1526 1070 audierant.
1543 1041 1573 1078 ⁵)

1183 1079 1342 1112 Videmus
1370 1082 1567 1113 Summistas
1595 1088 1627 1114 et
1654 1081 1848 1125 Theologos
1873 1082 2032 1127 colligere
2047 1087 2079 1124 ⁶)

1095 1122 1307 1162 traditiones,
1330 1130 1363 1155 et
1385 1134 1546 1166 quaerere
1568 1128 1728 1163 ἐπιεικείας
1750 1127 1780 1164 7)
1809 1133 1844 1158 vt
1864 1125 1977 1166 leuent
2000 1138 2079 1160 con-

1098 1268 1144 1301 83)
1164 1269 1328 1294 vocationem
1345 1270 1442 1295 W'irc.
1457 1280 1462 1294 :
1484 1273 1646 1296 notationem
1664 1272 1697 1303 (Ρ)

1098 1312 1145 1343 84)
1163 1312 1261 1336 1111113111
1285 1313 1406 1338 Wirc.:
1425 1313 1523 1337 nullum
1541 1314 1574 1346 (Ρ)

1098 1355 1145 1387 85)
1164 1359 1246 1379 mater
1272 1355 1362 1380 Non:
1382 1360 1461 1381 mater
1478 1357 1591 1382 familias

1099 1398 1145 1430 86)
1165 1398 1275 1429 regabat
1292 1399 1385 1424 Cass.
1406 1400 1444 1425 2.:
1464 1401 1573 1431 regabat

1099 1441 1145 1473 87)
1164 1441 1322 1473 putabantur
1347 1442 1402 1467 Ed.
1423 1447 1503 1467 ant.:
1522 1443 1650 1475 putabant

1098 1484 1144 1516 88)
1165 1483 1229 1517 esse]
1249 1484 1384 1515 Onold.,
1402 1485 1471 1511 Rat.
1492 1487 1612 1512 omittunt.

1099 1527 1144 1559 89)
1164 1526 1198 1560 et]
1218 1528 1244 1551 in
1263 1526 1380 1552 Onold.
1401 1528 1474 1554 deese.

1098 1570 1144 1602 90)
1164 1569 1254 1603 longe]
1274 1570 1360 1595 Rat.:
1379 1572 1460 1603 longa

1097 1613 1143 1645 91)
1163 1613 1299 1647 cruciauit]
1318 1614 1426 1639 Dess.:
1446 1616 1606 1641 excruciauit

1097 1657 1144 1688 92)
1165 1656 1239 1690 quae]
1258 1657 1284 1680 in
1302 1656 1386 1687 Eat„
1406 1658 1503 1683 WVirc.
1523 1659 1596 1684 deest.

1095 1699 1142 1732 93)
1160 1699 1320 1733 imperfecto]
1340 1700 1396 1725 Ed.
1415 1705 1495 1726 ant:
1515 1702 1542 1726 in
1561 1702 1711 1734 imperfecto

1096 1743 1143 1774 94)
1163 1743 1230 1766 vitae
1249 1743 1355 1776 genere]
1375 1744 1481 1769 Dess.:
1501 1752 1596 1776 genere
1615 1747 1684 1770 vitae

1095 1785 1142 1818 95)
1162 1786 1362 1820 magistratibus]
1392 1788 1504 1812 Wirc.:
1536 1790 1687 1820 magistratu
1722 1789 1792 1814 Rat.
1822 1790 1886 1815 male
1913 1789 1986 1816 habet
2015 1792 2078 1816 scm*-

1161 1822 1254 1853 ptionis
1273 1821 1437 1854 compendium
1448 1823 1562 1854 formae:
1581 1824 1745 1855 magistratus

1095 1864 1141 1896 96)
1160 1864 1335 1888 functionibus
1354 1865 1483 1898 ciuilibus]
1503 1866 1585 1896 Rae,
1611 1867 1722 1893 Wire.:
1749 1867 1870 1892 civilibus
1896 1867 2073 1894 functionibus

1097 1908 1143 1939 97)
1162 1907 1315 1941 Monachus]
1334 1907 1401 1934 Rat.
1418 1910 1492 1933 male:
1512 1910 1653 1934 monachus

1096 1951 1143 1983 98)
1162 1950 1277 1984 seruare]
1296 1951 1339 1975 Ra
1348 1956 1382 1981 t.‚
1402 1952 1513 1977 Wirc.:
1532 1953 1670 1978 obseruare

1096 1995 1143 2025 99)
1161 2002 1280 2024 seruare,
1298 1998 1323 2018 et
1341 1999 1428 2019 tamen
1446 2010 1477 2014 —
1498 1996 1705 2030 obseruationes]
1723 1997 1817 2022 Dess.
1836 1997 1934 2022 omittit.

1098 2039 1158 2069 100)
1179 2034 1232 2061 esse
1252 2037 1344 2071 cultus]
1369 2038 1474 2070 Dess.,
1498 2040 1629 2071 Dresd.,
1654 2041 1759 2071 Wim.,
1781 2040 1869 2071 Rat„
1888 2040 2003 2065 Wirc.:
2023 2041 2075 2066 cul-

1163 2076 1203 2097 tus
1222 2079 1277 2096 esse

1115 2116 1141 2148 1)
1161 2115 1249 2147 etiam]
1269 2115 1294 2139 in
1314 2115 1430 2141 Onold.
1449 2116 1524 2141 deest.

1111 2160 1140 2190 2)
1160 2159 1209 2183 sibi
1229 2158 1347 2192 mortem]
1366 2159 1475 2184 Fabr.:
1496 2165 1605 2185 mortem
1624 2161 1672 2185 sibi

1111 2202 1140 2234 3)
1160 2200 1230 2235 quia]
1254 2201 1384 2233 Dresd„
1407 2203 1499 2233 Non,
1522 2203 1651 2234 Onold.,
1678 2204 1782 2228 Wim.:
1809 2205 1852 2235 qui
1888 2203 1918 2228 In
1943 2204 2031 2228 Casa.
2051 2203 2074 2228 2.

1163 2240 1185 2261 et
1202 2236 1269 2261 Rat.
1285 2237 1393 2269 primum
1412 2241 1465 2262 ertu
1483 2239 1612 2271 seriptum:
1632 2239 1693 2270 quia
1711 2238 1776 2271 quod
1793 2238 1879 2264 deinde
1902 2241 2021 2263 mutatum
2039 2241 2075 2264 m

1161 2279 1200 2294 m:
1220 2279 1264 2302 qul

1111 2315 1140 2346 4)
1160 2313 1304 2347 senserant]
1323 2314 1406 2340 Rat.:
1427 2321 1561 2339 senserunt

1111 2357 1140 2389 5)
1159 2357 1306 2390 audierant]
1324 2357 1380 2383 Ed.
1399 2363 1479 2383 ant.:
1516 2359 1654 2383 audierunt

1112 2400 1141 2432 6)
1161 2401 1294 2433 colligere]
1316 2400 1370 2425 Ed.
1391 2406 1472 2425 ant.:
1491 2403 1587 2433 eligere

1112 2445 1141 2477 7)
1160 2443 1313 2476 ἐπιεικείας]
1352 2444 1432 2469 Rau:
1471 2445 1620 2468 ΕΠΙΙΧῙΑΣ
1661 2444 1766 2470 Fabr.:
1795 2450 1914 2470 επεικιας
1959 2443 2073 2468 Wirc.:

1162 2477 1282 2507 ἐποικιας
1316 2479 1405 2509 Nor.‚
1425 2479 1557 2510 Onold.,
1578 2480 1629 2503 Ed.
1650 2483 1730 2503 ant.:
1751 2478 1866 2510 apthas,
1888 2479 1914 2502 in
1933 2478 2020 2503 Cass.
2048 2479 2072 2504 2.

1161 2514 1267 2546 Epikias
1285 2513 1352 2547 quod
1364 2514 1470 2547 primum
1490 2518 1544 2538 erat
1563 2514 1687 2545 scriplum,
1707 2513 1858 2538 emendarvm
1883 2517 1918 2537 est
1937 2514 1976 2536 in:
2001 2513 2073 2544 Epit-

1161 2548 1219 2573 kias
1256 2549 1357 2573 Wim.:
1383 2548 1504 2580 Epikeias
1541 2548 1570 2573 In
1596 2548 1704 2578 Dess.‚
1731 2549 1774 2580 qui
1802 2547 1884 2572 Codex
1907 2547 1970 2571 hanc
1992 2555 2074 2572 vocem

1162 2585 1265 2614 omittit,
1285 2583 1390 2616 spatium
1410 2585 1475 2607 intra
1494 2591 1577 2608 voces:
1597 2590 1719 2614 quaerere
1738 2596 1771 2600 —
1789 2586 1816 2606 vt
1834 2583 1923 2606 leuent
1941 2583 2072 2612 invmitur,

1160 2617 1225 2651 quod
1241 2618 1352 2648 denotat,
1370 2625 1450 2643 vocem
1467 2625 1583 2650 qraecam
1600 2626 1616 2642 a
1634 2616 1718 2642 scriba
1736 2617 1784 2649 leqo'
1801 2624 1847 2641 non
1861 2617 1980 2650 potuine.

1833 2668 1868 2693 20
