2324 2944
91 186 132 219 21
758 180 781 212 1.
827 180 866 212 A.
902 179 1109 212 ARTICULI
1131 177 1433 211 VISITATIONIS.
2059 184 2103 218 22

91 278 194 311 filium
216 276 322 310 fuisse
344 276 551 313 mittendum,
574 275 629 317 qui
656 272 877 306 satisfaceret.
923 273 1072 307 Necesse

93 328 145 354 est
167 321 283 363 igitur,
314 319 423 352 Deum
446 318 661 350 vehementer
679 317 793 349 odisse
814 323 1006 359 peccatum,
1040 323 1073 349 et

92 363 193 399 valde
215 364 317 396 duros
341 372 420 395 esse
441 371 514 400 eoS,
537 361 609 403 qui,
633 370 707 393 cum
729 361 863 392 videant
886 358 985 392 filium
1009 359 1073 393 Dei

92 418 154 451 pro
188 407 313 438 nostris
347 405 494 448 peccatis
527 404 650 443 occidi,
690 414 758 435 non
792 409 1072 438 commoveantur,

92 461 156 485 nec
169 450 329 492 cogitent,
353 454 492 491 quantas
505 457 630 488 poenas
654 446 762 478 daturi
785 446 862 484 sint,
887 457 985 488 quum
998 457 1072 488 per-

93 499 174 537 gunt
196 502 350 535 peccare.
396 490 570 528 Secundo,
599 490 714 532 augeri
743 489 828 522 fides
852 490 969 528 debet,
1000 500 1074 522 cum

93 537 231 570 audiant
253 541 377 567 tantam
396 543 472 566 esse
495 533 766 571 misericordiam,
788 539 824 564 ut
837 532 990 565 Christus
1002 533 1075 574 ipse

95 589 190 614 suam
223 584 362 611 mortem
394 575 534 609 voluerit
567 586 628 618 pro
662 576 760 608 nobis
793 575 923 608 offerre.
981 576 1075 611 Quae

93 627 206 664 potest
234 620 299 653 alia
327 621 461 652 uberior
490 618 678 651 consolatio
702 629 781 650 esse
810 619 843 650 in
867 618 969 651 corde
991 617 1075 650 affli-

94 670 167 704 cto,
197 674 294 706 quam
318 673 392 695 cum
416 663 560 694 sentiant
588 663 652 694 sibi
681 661 848 695 Christum
863 664 907 700 63)
936 668 1076 703 peccata

94 704 291 745 sustulisse,
325 713 358 738 et
392 716 486 738 suam
521 704 783 737 satisfactionem
817 704 907 737 velle
940 706 1076 747 respici,

93 761 162 783 non
184 749 307 791 respici
331 755 448 781 nostra
471 747 583 791 aliqua
605 759 720 790 opera,
755 747 968 780 Conscientia
990 748 1075 780 enim

93 793 236 825 horrore
264 792 376 824 iudicii
404 798 510 831 tacta,
538 793 639 824 sentit
664 802 705 824 ea
733 802 801 823 non
819 801 897 824 esse
927 792 1010 823 satis
1033 791 1076 823 ad

94 834 295 878 placandum
318 835 439 868 Deum.
495 835 596 867 Fides
619 840 726 868 autem
750 840 801 867 est
824 840 915 867 certe
937 835 1074 873 sentire,

96 880 187 922 quod
218 884 357 921 propter
380 877 550 910 Christum
583 884 724 920 peccata
756 879 854 910 nobis
888 878 1076 910 condonata

94 928 184 961 sunt,
206 928 240 954 et
263 922 352 964 quod
375 921 471 954 Deus
493 922 558 954 iam
580 926 751 964 receptum
772 921 806 954 in
829 922 968 964 gratiam
995 919 1077 954 velit

93 974 212 1008 regere
234 970 268 998 et
291 963 482 997 defendere.

426 1066 487 1100 DE
511 1066 736 1099 CONIUGIO.

182 1135 370 1178 Diligenter
393 1136 490 1167 etiam
507 1133 684 1167 ⁴inculcare
699 1135 743 1172 ⁶⁴)
777 1134 900 1165 debent
928 1134 1076 1175 coniugi·

94 1180 173 1217 bus,
205 1185 241 1211 ut
275 1178 430 1219 cogitent,
454 1187 493 1209 se
514 1187 535 1208 a
556 1176 631 1208 Deo
655 1175 831 1218 copulatos
854 1186 950 1215 esse,
986 1182 1018 1208 et
1033 1178 1077 1215 ⁶⁵)

93 1227 274 1265 propterea
296 1220 452 1258 credant,
471 1218 553 1252 illud
576 1220 666 1251 vitae
690 1230 796 1262 genus
825 1218 960 1261 plat-ere
990 1218 1077 1258 Deo,

95 1270 129 1299 et
161 1262 270 1298 Deum
305 1273 365 1304 per
399 1263 509 1295 omnia
542 1261 786 1294 fortunaturum
820 1272 907 1295 esse.
952 1261 1078 1295 Multae

51 1336 61 1341 -
94 1313 172 1341 sunt
203 1307 380 1348 coniugum
410 1306 642 1338 adversitates.
687 1304 725 1338 In
754 1306 807 1338 his
836 1311 1031 1346 exspectent
1058 1316 1079 1339 a

93 1350 170 1386 Deo
193 1349 469 1387 consolationem,
494 1354 526 1380 et
541 1350 588 1391 ⁶⁵)
607 1350 746 1381 credant
771 1349 879 1381 Deum
902 1347 1078 1390 opitulatu-

94 1404 167 1427 rum
186 1402 280 1432 esse,
310 1392 577 1434 quandoquidem
599 1402 660 1434 per
681 1392 790 1433 ipsum
820 1391 965 1434 copulati
989 1398 1078 1432 sunt,

95 1437 190 1470 iuxta
211 1434 306 1469 illud:
327 1435 421 1471 Quos
444 1435 539 1468 Deus
563 1435 744 1475 coniunxit,
767 1435 869 1467 homo
892 1446 960 1468 non
983 1445 1079 1478 sepa-

95 1485 155 1512 ret
200 1478 291 1517 Item,
314 1477 475 1512 Salomon
497 1477 630 1512 hauriat
651 1476 856 1520 voluptatem
878 1489 899 1512 a
920 1478 1079 1518 Domino,

95 1522 192 1564 quasi
211 1523 321 1555 dicat:
345 1521 510 1555 Dominus
533 1522 567 1554 in
583 1522 737 1554 adversis
756 1521 988 1555 consolabitur
1000 1532 1079 1554 con·-

95 1565 201 1608 iuges.
246 1565 354 1607 Saepe
375 1565 439 1604 vir,
461 1575 564 1607 saepe
580 1564 716 1604 mulier,
751 1575 854 1607 saepe
876 1563 972 1597 liberi
994 1565 1079 1606 peri-

97 1606 307 1641 clitabuntur.
353 1606 544 1650 Aliquando
566 1609 658 1651 angit
681 1618 741 1640 eos
758 1608 882 1651 inopia,
899 1607 1078 1650 aliquando

96 1652 250 1684 educatio
279 1650 472 1683 liberorum.
521 1652 557 1683 ln
586 1651 640 1684 his
663 1651 797 1683 casibus
827 1657 1002 1684 recurrant
1036 1652 1079 1684 ad

95 1693 184 1727 hanc
211 1694 458 1726 auctoritatem:
488 1695 520 1725 A
550 1694 623 1726 Deo
651 1693 798 1736 copulati
827 1695 920 1728 estis.
964 1694 1079 1736 ltaque

98 1746 272 1778 speremus
297 1741 329 1768 ct
351 1735 559 1778 postulemus
581 1738 624 1768 ab
648 1743 786 1769 auctore
813 1744 950 1770 nostrae
973 1738 1079 1770 socie-

98 1780 174 1812 tatis
197 1777 364 1811 auxilium.

183 1821 339 1856 Secundo
362 1820 519 1855 hortandi
542 1827 621 1855 sunt
641 1822 814 1866 coniuges,
836 1828 873 1856 ut
894 1822 979 1856 alter
1001 1822 1079 1856 alte·

96 1875 170 1901 rum
192 1863 332 1906 toleret,
366 1865 399 1897 in
429 1871 521 1897 tanta
544 1865 731 1899 infirmitate
761 1866 944 1899 animorum
965 1865 1079 1899 huma·

96 1918 228 1946 norum,
251 1917 354 1950 saepe
377 1917 522 1943 caussa-s
536 1910 581 1948 66)
599 1909 757 1948 incidere,
780 1919 863 1951 quas
876 1911 1007 1942 discant
1018 1919 1080 1951 per

95 1951 287 1993 patientiam
317 1950 481 1993 mitigare.
638 1953 680 1986 de
714 1962 751 1985 re
784 1953 868 1985 satis
902 1952 1080 1995 diligenter

96 1995 269 2037 praecepit
290 1993 420 2029 Petrus.

184 2037 297 2070 Tertio
316 2037 458 2069 docendi
479 2043 569 2077 sunt,
592 2043 628 2070 ut
650 2048 734 2070 vasa
757 2039 980 2078 sanctificent,
1014 2039 1080 2072 hoc

99 2086 162 2119 est,
185 2086 218 2112 ut
241 2081 453 2113 moderentur
474 2080 689 2123 voluptatem.

310 2181 372 2214 DE
391 2182 581 2217 CASIBUS
605 2183 865 2217 PROHIBITIS.

186 2249 369 2292 Superest,
402 2257 437 2283 ut
467 2258 662 2285 moneantur
690 2253 849 2286 Pastores
881 2254 921 2286 de
945 2255 1080 2287 casibus

98 2292 272 2336 prohibitis
297 2294 452 2337 coniugii,
477 2296 554 2337 quia
576 2296 668 2330 varia
689 2297 848 2336 incidunt,
871 2297 946 2330 ideo
965 2297 997 2328 in
1015 2296 1080 2330 illis

100 2337 317 2369 diiudicandis
341 2339 428 2370 cauti
454 2348 533 2372 esse
556 2339 689 2373 debent.
733 2340 843 2373 Primo
873 2351 941 2373 non
967 2341 1081 2375 admit-

101 2457 149 2491 63)
167 2459 280 2485 sentiant
297 2459 347 2484 sibi
366 2459 507 2494 Christum]
527 2460 577 2487 Ed.
597 2463 620 2486 2.
641 2462 750 2489 audiant
768 2462 898 2489 Christum

101 2509 151 2541 64)
169 2510 310 2542 inculcare]
331 2511 367 2535 sic
386 2511 514 2536 Weber-us
531 2517 598 2539 reae
615 2515 732 2548 serum,-
750 2515 831 2540 Edtet.
853 2516 876 2539 l.
888 2515 911 2539 2.
932 2518 954 2540 et
973 2514 1080 2539 Strobe-

169 2545 217 2569 lius
237 2544 365 2569 eae-hibeas:
381 2547 504 2572 inculcari

103 2595 150 2628 65)
170 2595 206 2628 et]
228 2600 328 2629 utroque
348 2597 399 2622 Ioco
420 2597 450 2622 ab
468 2599 517 2623 Ed.
538 2600 561 2624 2.
582 2599 656 2626 abest.

101 2646 148 2680 66)
168 2648 283 2681 caussa-3]
303 2649 354 2676 Ed.
374 2650 397 2673 2.
417 2658 521 2678 caussas
539 2651 638 2679 dissidii

1123 279 1227 312 tatur,
1257 279 1292 305 ut
1317 271 1515 305 contrahant
1537 283 1703 315 personae
1733 280 1851 306 contra
1881 276 2006 317 gradus
2028 288 2103 318 pro·

1123 316 1245 348 hibitos
1269 316 1302 347 in
1325 315 1401 358 lege
1425 315 1522 348 Mosi.
1568 316 1690 348 Notum
1713 324 1821 349 autem
1844 325 1914 357 est,
1944 320 1999 361 qui
2028 330 2105 362 gra-

1124 360 1186 391 dus
1210 360 1292 397 sint,
1314 358 1454 390 Levitici
1478 359 1528 391 18.
1584 358 1715 391 Alicubi
1749 360 1935 393 avunculus
1963 368 2021 393 aut
2048 373 2104 403 pa-

1125 408 1218 435 truus
1241 407 1373 444 neptem
1397 402 1505 441 ducit,
1527 401 1582 435 hic
1612 413 1746 445 quoque
1770 414 1871 436 casus
1895 405 1928 435 in
1950 404 2103 437 Levitico

1125 445 1311 487 prohibitus
1341 449 1407 476 est:
1442 444 1688 487 Turpitudinem
1712 445 1824 478 fratris
1854 447 1901 479 tui
1923 457 1990 479 non
2013 458 2105 480 reve·

1126 490 1223 521 labis.
1239 490 1282 525 67)
1338 487 1522 530 Propterea
1556 488 1771 522 dissuadeant
1805 489 1992 522 huiusmodi
2025 501 2105 523 con-

1126 544 1158 565 ιιι
1183 543 1225 564 ia.

1160 543 1181 576 g
1213 574 1342 607 Caussa
1364 573 1497 606 divortii
1520 580 1572 606 est
1595 573 1803 607 adulterium.
1837 576 1901 608 Sed
1923 575 1977 608 hic
2000 576 2105 617 prius—

1128 628 1226 661 quam
1248 618 1307 649 fiat
1329 617 1517 657 divortium,
1539 627 1671 659 semper
1694 617 1920 650 reconciliatio
1951 620 2107 652 tentanda

1129 667 1193 700 est,
1205 672 1267 694 nec
1280 659 1357 693 licet
1371 661 1544 692 discedere
1558 662 1600 692 ab
1615 659 1777 700 adultero,
1793 668 1851 694 aut.
1864 662 2002 694 reiicere
2013 661 2106 694 adul-

1128 711 1233 737 teram
1255 704 1328 736 sine
1349 703 1471 736 iudicio
1495 702 1682 743 Ecclesiae,
1707 704 1773 736 hoc
1795 710 1858 740 est,
1881 714 2014 744 eorum,
2036 705 2107 747 qui-

1127 749 1191 781 bus
1215 746 1376 780 commisit
1399 745 1562 779 Ecclesia.

1213 792 1304 829 Item,
1327 799 1395 821 non
1417 789 1494 822 licet
1517 791 1548 823 ei
1569 800 1752 833 personae,
1776 800 1861 832 quae
1885 791 2041 823 discessit
2063 791 2106 822 ab

1127 832 1290 872 adultero,
1324 832 1525 866 contrahere
1558 834 1797 866 matrimonitun
1826 844 1900 866 cum
1928 832 2009 873 alia,
2042 834 2108 866 nisi

1128 878 1305 910 divortium
1327 886 1439 908 coram
1452 875 1618 916 Ecclesia,
1639 877 1673 909 id
1696 882 1758 916 est,
1779 876 1845 916 his,
1868 877 1924 918 qui
1936 882 2108 919 praesunt,

1126 919 1251 953 factum
1273 920 1326 951 sit.
1342 921 1386 959 6Θ)

1215 963 1315 1001 Quid,
1338 963 1367 994 si
1389 960 1474 994 alter
1498 963 1675 1004 coniugum
1696 961 1836 994 alterum
1860 962 2010 995 deserit?
2044 962 2107 994 Re-

1127 1006 1293 1047 spondeo:
1318 1005 1354 1036 ln
1377 1004 1442 1035 hoc
1465 1016 1547 1038 casu
1570 1004 1649 1037 nihil
1672 1012 1795 1038 temere
1812 1006 2024 1037 statuendum
2046 1012 2108 1044 est,

1128 1049 1189 1081 sed
1211 1047 1387 1090 diligenter
1421 1049 1606 1089 requiratur
1628 1058 1788 1089 persona,
1825 1058 1909 1090 quae
1940 1049 2109 1087 discessit,

1128 1101 1192 1123 nec
1214 1090 1381 1122 innocenti
1402 1099 1573 1130 personae
1590 1091 1809 1131 permittatur,
1832 1090 1922 1124 aliud
1944 1091 2109 1124 matrimo-

1128 1134 1219 1166 nium
1241 1133 1332 1168 inire,
1356 1133 1420 1166 nisi
1442 1139 1542 1165 antea
1565 1144 1625 1174 per
1647 1133 1813 1175 legitimos
1836 1135 2048 1176 magistratus
2065 1134 2112 1167 sit

1129 1176 1291 1218 requisita
1311 1186 1472 1217 persona,
1495 1187 1579 1218 quae
1603 1176 1769 1208 discessit.

1206 1219 1304 1258 Quid,
1316 1219 1345 1250 si
1358 1218 1476 1252 mulier
1489 1225 1642 1262 aegrotet
1654 1220 1771 1252 morbo
1785 1218 1920 1262 gallico,
1932 1230 1990 1252 seu
2003 1219 2110 1261 lepra,

1129 1262 1227 1295 liceat
1256 1261 1354 1294 aliam
1383 1263 1528 1296 ducere?
1573 1262 1776 1304 Responsio:
1809 1262 1886 1295 Non
1919 1261 2015 1301 licet,
2045 1273 2110 1295 nec

1130 1306 1279 1338 morbum
1304 1315 1381 1337 esse
1405 1315 1559 1338 caussam
1582 1306 1795 1338 rescindendi
1816 1306 2024 1344 matrimonii,
2047 1315 2111 1338 nec

1131 1355 1269 1382 senecta
1293 1358 1418 1380 caussa
1439 1355 1490 1380 est
1514 1349 1689 1381 dividendi.
1725 1348 1826 1391 lgitur
1838 1349 2108 1381 Pastoresinhis

1131 1393 1266 1426 casibus
1290 1392 1476 1424 iudicandis
1500 1392 1587 1424 cauti
1609 1392 1685 1424 siut.

1219 1435 1317 1474 Quid,
1340 1435 1369 1466 si
1393 1435 1467 1476 quis
1491 1435 1655 1468 contraxit
1689 1445 1763 1468 cuni
1786 1433 1913 1477 aliqua,
1937 1440 1971 1467 et
1991 1440 2112 1475 postea

1132 1479 1232 1511 etiam
1266 1479 1430 1511 contraxit
1463 1489 1538 1511 cum
1570 1479 1738 1517 secunda,
1767 1488 1904 1520 eamque
1935 1477 2111 1519 stupravit,

1131 1528 1238 1554 utram
1271 1521 1430 1554 habebit?
1475 1521 1696 1563 Respondeo:
1727 1521 1888 1559 Primam,
1922 1521 1999 1562 quia
2026 1520 2112 1553 fides

1133 1566 1210 1597 data
1233 1563 1340 1604 valet3
1359 1565 1507 1596 secunda
1537 1566 1680 1606 decepta
1703 1570 1765 1597 est.
1795 1564 1870 1595 Non
1890 1565 1976 1595 enim
1998 1568 2112 1605 potest

1133 1609 1162 1641 ei
1178 1611 1220 1647 69)
1244 1608 1447 1650 promittere,
1472 1608 1562 1649 quot]
1585 1607 1682 1640 alteri
1704 1607 1885 1639 tradiderit.
1902 1609 1945 1645 ⁷⁰)

1219 1650 1315 1687 Quod
1337 1651 1366 1682 si
1389 1651 1464 1693 quis
1487 1652 1651 1692 stupravit
1673 1651 1836 1693 virginem
1858 1656 1968 1688 antea,
1990 1659 2112 1691 cogen-

1132 1695 1195 1727 dus
1219 1694 1310 1726 est?
1336 1693 1382 1725 Ut
1405 1694 1515 1732 ducat,
1539 1694 1683 1726 charitas
1708 1699 1770 1725 est.
1800 1693 1891 1732 Item,
1916 1694 2014 1725 etiam
2037 1692 2113 1725 hor-

1132 1738 1253 1770 tandus
1271 1742 1335 1775 est,
1351 1739 1396 1775 ⁷¹)
1419 1736 1479 1768 sed
1502 1737 1530 1767 si
1554 1747 1621 1768 non
1644 1736 1716 1769 vult
1739 1737 1879 1774 ducere,
1914 1736 2005 1768 dotet
2027 1745 2112 1767 eam.

1131 1780 1181 1813 Ea
1204 1786 1255 1813 est
1277 1781 1310 1812 in
1332 1780 1403 1812 iure
1426 1790 1535 1821 poena
1559 1781 1741 1814 constituta.
1763 1779 1946 1822 stupranti,
1974 1784 2031 1811 aut
2055 1779 2111 1812 du-

1132 1830 1199 1863 cat,
1220 1829 1277 1856 aut
1299 1824 1403 1855 dotet.

1219 1867 1316 1903 Quod
1338 1867 1368 1898 si
1397 1866 1472 1908 quis
1496 1867 1598 1899 ducat
1620 1871 1737 1899 contra
1765 1870 1938 1907 parentum
1961 1863 2113 1897 volunta·

1132 1916 1211 1949 tem,
1236 1911 1336 1942 debet
1357 1910 1521 1942 retinere?
1566 1908 1787 1951 Respondent
1810 1909 1964 1951 Aequum
1986 1913 2056 1946 est,
2077 1913 2115 1940 ut

1133 1954 1282 1987 retineat.
1306 1952 1402 1992 Quia,
1425 1963 1616 1995 quanquam
1638 1959 1797 1995 parentes
1819 1951 1966 1984 habeant
1987 1951 2038 1986 ius
2056 1949 2114 1982 ali-

1133 1997 1235 2039 quod,
1256 2002 1367 2029 tamen
1390 2005 1430 2028 eo
1454 1997 1525 2029 iure
1546 1996 1592 2029 uti
1616 1996 1737 2029 debent
1759 1995 1830 2027 sine
1849 1995 2026 2029 iniuria.⁷²›
2049 1993 2115 2026 De-

1133 2042 1214 2073 bent
1235 2046 1345 2072 tamen
1374 2050 1395 2071 a
1416 2039 1669 2082 magistratibus
1691 2038 1733 2071 ali
1759 2049 1802 2071 ua
1825 2038 1982 2070 mediocri
2005 2047 2115 2079 poena

1132 2083 1252 2127 puniri,
1275 2083 1332 2125 qui
1351 2082 1551 2116 contrahunt
1574 2089 1693 2116 contra
1702 2093 1745 2115 vo
1761 2086 1907 2114 untatem
1930 2087 2114 2123 parentum,

1132 2128 1162 2160 si
1184 2131 1340 2169 parentes
1362 2126 1428 2159 hoc
1450 2136 1517 2160 nnn
1540 2124 1628 2160 ultro
1652 2126 1844 2161 condonant
1865 2124 1991 2158 liberis.
2024 2123 2115 2162 Item,

1135 2255 1183 2288 67)
1203 2256 1401 2288 Turpitudinem
1420 2270 1451 2274 -—
1471 2255 1621 2287 revelabis]
1643 2257 1669 2279 in
1687 2256 1736 2280 Ed.
1751 2256 1774 2279 2.
1795 2255 1889 2280 desunt.

1134 2307 1181 2340 68)
1200 2308 1228 2332 id
1248 2312 1296 2337 est,
1313 2308 1352 2332 his
1372 2322 1404 2325 —
1423 2308 1519 2332 factum
1539 2308 1593 2340 sit.]
1614 2307 1663 2332 Ed.
1684 2308 1707 2332 2.
1729 2307 1756 2331 id
1775 2310 1820 2336 cst,
1840 2306 1942 2338 publice
1961 2312 2049 2330 coram
2066 2305 2114 2335 his,

1203 2343 1296 2373 quibus
1315 2343 1442 2367 commisit
1461 2344 1636 2374 cognitionem
1654 2342 1780 2372 Ecclesia,
1799 2341 1895 2365 factum
1913 2341 1953 2365 sit.

1133 2394 1180 2427 69)
1200 2394 1235 2426 ei]
1255 2396 1282 2419 in
1299 2395 1349 2419 Ed.
1370 2395 1394 2419 2.
1415 2395 1489 2420 deest.

1134 2447 1180 2479 70)
1200 2446 1358 2479 tradiderit]
1379 2447 1427 2472 Ed.
1441 2448 1465 2472 2.
1485 2446 1629 2471 tradiderit.
1661 2444 1704 2470 Sic
1722 2445 1871 2478 praesentia
1888 2446 1946 2470 iura
1965 2445 2114 2475 decernunt,

1203 2482 1294 2513 quibus
1313 2482 1491 2513 obtemperare
1511 2481 1642 2505 convenit.

1134 2533 1180 2565 71)
1199 2534 1324 2565 virginem
1340 2538 1425 2562 antea,
1437 2547 1468 2551 —-
1487 2533 1631 2557 hortandus
1646 2532 1705 2564 esu]
1717 2531 1798 2557 Bd.2.
1812 2533 1947 2564 virginem,
1967 2537 1999 2555 tm
2019 2537 2113 2562 cogen-

1202 2569 1250 2626 gus
1269 2572 1314 2627 esti,
1333 2572 1361 2593 ut
1379 2568 1473 2593 ducat?
1507 2568 1628 2594 Charitas
1649 2571 1695 2598 est,
1716 2571 1744 2592 ut
1762 2567 1851 2598 ducat,
1869 2571 1894 2591 et
1912 2570 1941 2592 uz
1959 2566 2013 2592 hoc
2028 2566 2113 2595 ficiet,

1221 2607 1295 2627 ortan
1317 2611 1345 2627 ns
1365 2607 1411 2627 cst.

1135 2654 1181 2685 72)
1200 2655 1257 2679 sine
1274 2654 1391 2687 iniuria]
1410 2655 1459 2680 Ed.
1479 2655 1502 2679 2.
1522 2655 1578 2681 nine
1598 2655 1697 2681 iniuria
1711 2654 1829 2681 aliorum.

1872 2704 1908 2728 2*
