2324 2944
367 811 466 886 II.
561 810 1126 885 CONFESSIO
1174 809 1837 885 AUGUSTANA

599 933 867 976 AUCTORE
899 933 1162 975 PHILIPPO
1195 933 1603 975 MELANTHONE.

252 1079 472 1118 prolegomena
496 1080 524 1108 in
547 1078 606 1107 hoc
618 1077 824 1107 Melanthonis
848 1077 992 1115 scriptum
1014 1076 1202 1106 exordiamur
1224 1086 1242 1105 a
1264 1076 1348 1105 brevi
1373 1076 1410 1105 de
1424 1075 1564 1105 comitiis
1577 1076 1766 1113 Augustanis
1781 1076 1917 1111 historia,
1948 1085 2025 1115 quae
2049 1085 2108 1105 ma-

97 1125 177 1155 xima
200 1133 238 1153 ex
260 1127 342 1162 parte
368 1133 405 1151 ex
418 1121 624 1151 Seckendorfii
643 1120 856 1149 commentario
881 1119 918 1148 de
942 1118 1175 1148 Lutheranismo
1199 1118 1251 1148 lib.
1275 1116 1311 1147 11.
1336 1129 1363 1157 p.
1393 1121 1451 1148 150
1475 1128 1543 1157 sqq.
1564 1118 1621 1149 Ed.
1648 1120 1675 1147 2.
1700 1123 1839 1158 excerpta
1863 1123 1920 1148 est.

254 1164 332 1195 Cum
355 1163 516 1203 Imperator
539 1162 668 1192 Carolus
692 1162 731 1192 V.
762 1172 816 1201 per
846 1161 1009 1201 diplomata
1033 1161 1060 1190 d.
1087 1164 1134 1191 21.
1166 1161 1292 1191 Ianuarii
1321 1163 1410 1192 1530.
1435 1162 1464 1190 in
1489 1161 1679 1190 Germaniam
1706 1162 1847 1200 expedita
1865 1172 1970 1191 omnes
1994 1161 2109 1200 imperii

100 1209 233 1239 Ordines
256 1208 294 1237 nd
318 1208 438 1237 comitia
459 1207 618 1245 Augustae
642 1204 867 1234 Vindelicorum
895 1204 922 1235 d.
945 1206 972 1234 8.
992 1204 1108 1244 Aprilis
1138 1204 1277 1234 habenda
1299 1208 1512 1238 convocasset,
1537 1203 1688 1235 lohannes
1711 1204 1834 1234 Elector
1853 1204 2004 1234 Saxoniae
2027 1203 2111 1233 Prin-

99 1253 246 1291 cipesque
276 1251 352 1279 socii
387 1251 465 1283 eiuS,
494 1248 630 1279 Luthero
660 1247 818 1281 suadente,
853 1248 892 1276 ad
926 1247 1000 1276 haec
1035 1249 1155 1277 comitia
1188 1249 1337 1287 proficisci
1367 1248 1598 1277 constituerunt.
1655 1247 1717 1276 Sed
1751 1248 1926 1286 priusquam
1956 1248 1985 1276 id
2016 1248 2110 1281 fieret,

98 1293 222 1325 Elector
259 1294 439 1333 praecipuos
487 1292 627 1321 doctores
669 1301 746 1320 suos
787 1301 852 1320 cum
893 1290 1028 1320 Luthero
1065 1292 1258 1330 congregavit
1300 1291 1337 1320 ad
1372 1290 1516 1320 articulos
1548 1291 1617 1319 fidei
1653 1291 1890 1320 conscribendos
1931 1301 2010 1329 quos
2049 1295 2111 1320 tum

98 1338 158 1378 ipsi
193 1336 310 1375 Torgae
344 1335 519 1365 exhiberent
531 1337 573 1372 *).
620 1334 688 1370 Quo
724 1334 812 1368 sacto,
843 1333 977 1363 Elector.
1013 1335 1172 1364 comitante
1202 1333 1351 1369 Luthero‚
1382 1334 1409 1362 in
1439 1334 1515 1362 viam
1549 1344 1585 1362 se
1610 1333 1709 1368 dedit,
1743 1334 1800 1363 sed
1831 1334 1960 1367 veritus,
1996 1343 2033 1362 ne
2057 1331 2111 1362 Im-

99 1384 267 1421 peratorem
299 1381 470 1418 praesentia
504 1379 574 1413 viri,
609 1388 698 1417 quem
729 1378 756 1406 is
786 1377 886 1406 edicto
911 1376 1126 1407 wormatiensi
1150 1378 1322 1407 nominatim
1357 1378 1591 1416 proscripserat,
1627 1377 1770 1410 irritaret,
1799 1376 1920 1415 reliquit
1954 1387 2020 1406 eum
2052 1375 2113 1405 Co·

100 1424 197 1463 burgi,
220 1421 384 1462 pollicitus,
415 1421 488 1451 nihil
511 1422 580 1461 ipso
607 1420 779 1450 inconsulto
804 1421 833 1449 in
863 1421 992 1449 comitiis
1022 1425 1120 1450 aetum
1150 1421 1193 1450 iri.
1246 1420 1361 1450 Postea
1390 1420 1512 1450 Elector
1540 1420 1691 1449 saxoniae
1721 1420 1850 1449 omnium
1879 1421 1993 1458 primus
2021 1419 2050 1449 d.
2083 1421 2112 1450 2.

99 1466 174 1497 Maii
190 1466 360 1504 Augustam
384 1466 510 1499 intravit,
530 1464 647 1494 habens
661 1465 787 1493 comites
800 1461 962 1493 Iohannem
980 1463 1163 1494 Fridericum
1182 1463 1284 1498 filium,
1304 1463 1508 1496 Franciscuim
1533 1463 1804 1502 [luneburgensem
1817 1462 1944 1496 Ducem,
1957 1461 2113 1501 &volfgan-

100 1520 181 1550 gum,
203 1508 374 1548 Principem
397 1507 603 1542 Anhaltinum,
628 1507 797 1541 Albertum,
823 1507 961 1536 comitem
978 1506 1249 1541 Mansseldensem,
1273 1511 1366 1537 totam
1379 1506 1575 1536 Nobilitatem
1589 1506 1770 1536 Saxonicam
1791 1510 1821 1535 ct
1840 1505 2006 1545 permultos
2030 1505 2113 1544 equi-

101 1556 162 1583 tes.
208 1550 309 1582 Ceteri
334 1561 455 1590 quoque
478 1550 637 1590 Principes
662 1550 866 1580 ecclesiastici
891 1554 921 1579 et
943 1549 1100 1579 seculares
1124 1550 1239 1589 reliquo
1263 1560 1370 1579 mense
1393 1549 1476 1579 Maio
1500 1555 1529 1579 et
1553 1550 1611 1579 sub
1636 1550 1750 1579 initium
1774 1547 1848 1578 Iunii
1879 1549 2008 1588 ingressi
2031 1551 2111 1578 sunt.

256 1593 336 1624 Dum
359 1595 409 1624 hic
431 1593 595 1634 Imperator
614 1594 856 1633 exspectabatur,
880 1593 1068 1623 Melanthon.
1093 1594 1143 1632 qui
1163 1594 1235 1622 item
1265 1604 1331 1621 cum
1363 1592 1432 1621 aliis
1456 1593 1526 1621 viris
1552 1593 1649 1622 doctis
1678 1592 1791 1627 aderat,
1818 1592 1854 1621 ad
1886 1591 2113 1622 consessionem

103 1638 184 1674 fidei,
209 1648 288 1676 quae
313 1639 341 1666 in
366 1638 496 1667 comitiis
516 1637 651 1667 exhiberi
675 1637 809 1671 deberet,
835 1637 863 1666 in
887 1636 995 1666 bonaur
1024 1636 1145 1665 sormam
1171 1635 1364 1674 redigendam
1393 1635 1549 1669 delectus,
1573 1637 1652 1665 satis
1671 1636 1815 1674 temporis
1835 1635 1948 1668 habuit,
1973 1639 2005 1664 ut
2024 1634 2054 1664 id
2072 1634 2112 1663 l'a-

103 1685 270 1721 ceret‚·nec
292 1681 481 1718 eijndustria
501 1680 604 1715 defuit,
627 1681 722 1710 utenti
730 1679 797 1709 fillis
821 1679 955 1709 articulis
968 1679 1177 1718 Tergensibus
1190 1683 1280 1717 atque
1294 1678 1559 1712 Suobacensibus,
1584 1689 1662 1717 quos
1677 1678 1829 1708 Lutherus
1843 1689 1909 1708 cum
1923 1679 2019 1707 sociis
2045 1687 2112 1707 con-

102 1724 278 1763 scripserat.
323 1722 408 1752 Hanc
432 1723 742 1762 consessionem,
766 1732 844 1762 quae
864 1723 902 1751 ob
925 1722 1040 1758 locum,
1065 1733 1123 1761 quo
1148 1723 1184 1751 ab
1209 1726 1331 1751 auctore
1354 1722 1479 1761 scripta.
1509 1722 1743 1760 nominibusque
1767 1721 1977 1751 consessorum
2001 1722 2029 1750 in
2055 1721 2113 1750 fine

103 1767 287 1805 subscriptis
310 1766 492 1799 confirmata,
516 1770 546 1795 et
556 1765 677 1804 publice
701 1766 729 1795 in
754 1766 884 1794 comitiis
907 1765 1060 1804 praelecta
1081 1776 1116 1795 ac
1138 1764 1312 1804 Imperatori
1336 1765 1444 1795 tradita
1467 1769 1524 1799 est,
1547 1766 1602 1794 Au
1610 1768 1776 1803 gustanti
1798 1764 1976 1804 appellatur,
1999 1763 2113 1794 Melan-

105 1810 178 1840 thon
203 1808 338 1838 articulis
361 1809 463 1847 viginti
489 1812 518 1837 et
542 1812 608 1837 octo
633 1808 775 1839 absolvit.
800 1818 878 1846 quae
902 1808 1048 1847 deinceps
1072 1810 1109 1838 ab
1139 1808 1281 1838 Electore
1310 1809 1349 1837 ad
1371 1808 1534 1838 Lutheruin
1558 1809 1739 1837 transmissa
1763 1812 1829 1845 est,
1858 1811 1889 1836 ut
1918 1807 2112 1846 signiticaret,

102 1863 142 1882 an
161 1852 275 1891 aliquid
298 1851 470 1881 mutandum
495 1856 644 1881 censeret.
673 1850 855 1890 Respondit,
878 1851 938 1880 sibi
961 1862 1026 1880 eam
1057 1852 1165 1881 eximie
1194 1852 1326 1890 placere,
1357 1862 1413 1881 nec
1442 1852 1605 1890 quidquam
1632 1852 1660 1880 in
1691 1861 1727 1881 ea
1756 1851 1904 1889 corrigere
1927 1854 1978 1880 aut
2000 1854 2113 1880 mutare

104 1905 212 1935 posse,
231 1904 330 1933 neque
354 1895 524 1929 convenire,
545 1897 577 1923 ut
598 1905 615 1923 a
638 1904 672 1923 se
692 1894 805 1933 aliquid
829 1894 1012 1924 emendetur.

260 1937 424 1977 Imperator
447 1937 578 1971 tandem,
598 1947 664 1966 cum
689 1937 778 1967 fratre
800 1937 990 1967 Ferdinando
1003 1937 1102 1975 Rege,
1125 1937 1315 1976 Reginisque
1334 1937 1507 1976 Hungariae
1527 1941 1557 1967 et
1575 1936 1742 1967 Bohemiae
1755 1959 1762 1972 ‚
1787 1937 1920 1975 itemque
1944 1946 2010 1966 cum
2034 1934 2110 1965 Car-

104 1980 268 2016 diualibus,
293 1979 469 2020 Campegio,
492 1980 610 2019 Legato
634 1979 792 2010 Pontificis
812 1980 951 2017 Maximi,
974 1980 1220 2019 Salisburgensi,
1245 1979 1435 2015 Tridentino,
1461 1980 1630 2014 Gatfinara,
1657 1984 1688 2010 et
1715 1991 1783 2010 cum
1805 1979 1967 2014 Frideric0‚
1991 1977 2111 2009 Comite

104 2023 255 2057 Palatino,
280 2022 412 2053 Iohanne
426 2022 564 2058 Albano,
587 2021 763 2053 Marchione
787 2023 1062 2063 Brandenburgico,
1082 2023 1271 2063 Legatisque
1294 2023 1414 2063 Regum
1435 2023 1564 2058 Galliae,
1585 2023 1717 2062 Angliae
1741 2027 1772 2053 et
1790 2022 1977 2057 Lusitaniae,
1998 2025 2028 2052 et
2040 2021 2112 2051 mul-

105 2068 146 2097 tis
169 2066 334 2104 Hispaniae
354 2066 541 2106 proceribus,
566 2066 615 2095 die
637 2069 686 2097 15.
712 2065 786 2096 Iunii
811 2067 981 2106 Augustam
1006 2077 1073 2096 cum
1103 2077 1221 2098 summa
1243 2067 1465 2106 magnificentia
1489 2068 1647 2105 ingressus
1672 2070 1729 2097 est.
1776 2066 1852 2096 Tum
1881 2066 1930 2095 die
1954 2065 2059 2094 Lunae
2083 2065 2112 2094 d.

103 2111 156 2140 20.
179 2108 254 2139 lunii
276 2107 436 2148 Imperator
458 2110 580 2149 primam
595 2110 768 2139 sessionem
787 2110 973 2140 comitiorum
998 2111 1026 2139 in
1046 2120 1153 2149 magno
1177 2111 1277 2140 curiae
1295 2111 1494 2150 Augustanae
1512 2111 1662 2149 praetorio
1682 2109 1856 2144 celebravit,
1881 2109 1908 2138 in
1929 2118 1989 2148 qua
2012 2108 2112 2138 decre-

106 2156 168 2183 tum
191 2156 249 2188 est,
271 2157 304 2182 ut
326 2163 344 2181 a
365 2153 466 2192 capite
483 2152 639 2192 religionis
663 2153 778 2183 initium
803 2153 897 2183 fieret.
942 2152 1047 2193 Itaque
1071 2153 1121 2182 die
1144 2151 1267 2184 Iohanni
1291 2153 1450 2193 Baptistae
1473 2163 1578 2188 sacro,
1610 2163 1669 2192 quo
1693 2153 1828 2182 secunda
1855 2152 1959 2182 sessio
1983 2151 2112 2181 habeba-

106 2199 162 2230 tur,
181 2196 305 2235 primum
329 2196 431 2226 audita
455 2199 505 2225 est
527 2196 622 2225 oratio
645 2195 754 2235 Legati
778 2195 939 2231 Pontificii,
964 2206 1023 2236 qua
1046 2195 1256 2227 protestantes
1280 2197 1317 2227 ad
1341 2197 1468 2227 reditum
1492 2198 1521 2227 io
1544 2196 1715 2226 Ecclesiam
1737 2195 1916 2225 catholicam
1935 2194 2114 2224 adhortaba-

105 2242 162 2272 tur,
187 2242 217 2268 et
233 2239 414 2277 Legatorum
434 2239 672 2273 Austriacorum
696 2239 837 2269 subsidia
866 2240 1014 2270 adversus
1045 2238 1162 2270 Turcos
1188 2241 1363 2279 petentium.
1409 2239 1529 2270 Deinde
1560 2239 1684 2270 Elector
1712 2239 1862 2270 Saxoniae
1887 2247 1924 2267 ex
1953 2237 2030 2267 sede
2055 2247 2113 2268 sua

106 2291 248 2320 surgens,
273 2282 484 2312 comitantibus
509 2292 577 2312 eum
597 2281 729 2321 Geor-gio
749 2282 926 2313 Marchione
949 2282 1231 2322 Brandenburgico,
1254 2283 1418 2313 Francisco
1445 2287 1476 2313 et
1504 2283 1636 2313 Ernesto
1659 2282 1797 2312 Ducibus
1817 2281 2111 2320 Luneburgensibus

107 2329 137 2354 et
161 2324 447 2359 Brunsuicensibus‚
469 2323 611 2365 Philippo
631 2325 762 2355 Hassiae
786 2325 986 2365 Landgravio‚
1011 2330 1040 2356 et
1059 2326 1252 2366 Wolffgango
1275 2326 1415 2366 Principe
1439 2326 1621 2361 Anhaltino,
1642 2337 1659 2355 e
1683 2327 1804 2364 regione
1829 2324 1926 2354 throni
1946 2323 2112 2363 lmperialis

108 2367 257 2397 constitit:
282 2367 351 2396 inde
370 2366 407 2397 D.
431 2367 581 2407 Georgius
605 2367 770 2408 Pontanus,
789 2368 943 2399 Electoris
967 2367 1186 2404 Cancessarius,
1209 2371 1432 2410 Imperatorem,
1452 2370 1571 2399 nomine
1595 2368 1783 2408 Principum,
1800 2368 1964 2397 ,submisse
1985 2368 2112 2407 rogavit,

107 2415 139 2440 ut
152 2409 388 2439 Consessionem
403 2410 470 2439 fidei
483 2411 604 2450 publice
618 2421 716 2441 coram
737 2413 876 2442 omnibus
891 2412 1057 2442 Ordinibus
1070 2411 1187 2452 Imperii
1211 2413 1343 2453 praelegi
1357 2414 1553 2452 permitteret,
1572 2422 1632 2451 qua
1644 2422 1742 2441 errore
1755 2421 1812 2440 suo
1830 2410 2036 2445 liberarentur,
2061 2411 2112 2449 qui

107 2453 186 2483 male
209 2453 246 2482 de
276 2453 421 2492 religione
444 2454 577 2493 ipsorum
596 2455 731 2485 instructi
755 2454 926 2486 haereticas
951 2460 981 2485 et
998 2455 1200 2486 scandalosas
1220 2457 1389 2496 opiniones,
1420 2466 1496 2495 quas
1520 2465 1670 2494 nunquam
1690 2454 1850 2491 fovissent,
1869 2454 1948 2494 ipsis
1971 2453 2111 2483 attribue·

215 2565 242 2597 ⁸)
261 2565 289 2591 Hi
308 2566 408 2591 animli
426 2568 584 2597 Ibi-aemes.
603 2569 680 2599 atque
699 2567 766 2593 xvii
784 2568 884 2594 articuli
893 2568 1083 2595 suobucenses
1100 2572 1126 2594 et
1144 2570 1184 2595 XV
1194 2569 1293 2595 articuli
1305 2571 1530 2599 ‚nar-putamus,
1550 2573 1614 2598 quos
1624 2567 1754 2592 Lutberus
1773 2573 1830 2592 cum
1845 2566 1919 2592 sociis
1939 2566 1988 2591 iam
2001 2572 2023 2591 a.
2039 2566 2112 2592 1529.

252 2601 624 2662 pitisogtqmoqmgchripggrglt,
642 2602 828 2629 celeberrimae
853 2603 1029 2629 confessionis
1047 2604 1215 2634 augustanae
1235 2604 1314 2630 veluti
1333 2604 1441 2630 materia
1466 2606 1491 2628 et
1509 2602 1708 2628 fundamentum
1728 2601 1848 2631 ruerunt.
1873 2603 2027 2632 quapropter
2045 2599 2112 2626 nnn-a

368 2644 374 2659 ι
516 2643 523 2660 ι
576 2643 582 2661 1
611 2643 650 2662 us.

274 2685 419 2705 annana.
435 2685 517 2706 OPBR.
534 2686 595 2707 VOL.
610 2687 691 2706 XXVI.
1791 2687 1806 2710 7
