2324 2944
220 181 285 214 3⁷9

242 286 317 308 uam
352 275 487 318 grauior
521 284 641 312 cansa,
677 275 798 316 optime
834 274 1034 315 imperator,
1067 272 1100 303 in
1134 271 1197 303 Ec—

221 319 325 350 cesia
347 318 477 356 incidit,
505 323 562 349 aut
591 317 734 360 dignior,
766 318 808 349 de
842 327 908 358 qua
938 316 1028 347 docti
1058 321 1090 346 et
1119 314 1199 346 boni

219 362 281 394 viri
305 360 479 403 diligenter
507 359 702 393 deliberent.
756 360 882 391 Omnes
913 358 976 400 pij,
1003 357 1198 389 ardentissi-

219 405 282 436 mis
316 406 403 436 votis
437 414 456 435 a
485 402 558 436 Deo
593 410 707 445 petere
736 403 875 439 debent,
908 406 941 431 vt
970 400 1024 431 his
1047 400 1199 441 peccatis

221 445 376 480 Ecclesia
389 445 558 479 liberetur.
592 446 704 489 Reges
728 454 844 476 omnes
868 449 900 474 et
919 443 1088 484 Episcopi,
1112 443 1201 474 omni

219 491 331 522 studio
355 490 456 521 anniti
480 490 618 526 debent,
646 495 680 519 vt
703 488 767 519 hac
789 493 859 518 tota
882 496 987 518 causa
1010 486 1073 517 rite
1097 483 1200 527 expli-

220 539 308 571 cata,
331 539 530 575 repurgetur
555 530 719 563 Ecclesia.

305 575 452 608 Sextum.
492 574 655 605 institutio
678 571 878 604 sacramenti
901 576 1026 613 pugnat
1049 580 1123 602 cum
1142 568 1200 601 illo

218 619 338 657 abusu,
357 616 446 649 Nihil
469 617 553 648 enim
577 616 619 647 de
645 613 812 647 oblatione
842 624 903 655 pro
931 613 1079 655 peccatis
1109 614 1201 645 viuo-

219 672 291 694 rum
315 668 346 692 et
371 666 574 692 mortuorum
598 657 816 700 praecipitur,
835 656 904 688 Sed
928 657 1143 699 praecipitur,
1167 662 1202 688 vt

218 710 390 737 sumantur
413 712 535 744 corpus
555 708 586 733 et
610 701 748 743 sanguis
768 699 912 731 Domini.
957 699 999 731 Et
1030 705 1066 730 vt
1088 699 1120 730 id
1145 698 1203 730 fiat

218 748 261 780 ad
303 746 568 778 recordationem
613 743 765 785 beneficij
808 742 943 774 Christi.
1000 742 1201 774 Recordatio

219 795 327 822 autem
351 787 529 830 significat,
553 797 620 818 non
644 785 788 828 aliquam
811 791 938 818 tantum
968 784 1131 817 'historiae
1154 795 1202 816 re·

242 832 499 864 resentationem
523 829 613 862 velut
635 830 668 861 in
687 827 895 870 spectaculo,
918 828 1006 860 sicut
1037 828 1203 859 somniant

218 844 285 913 ΕΗ,
316 875 368 916 qui
404 873 582 905 detendunt
601 873 750 904 meritum
774 882 815 903 ex
839 880 938 912 opere
961 876 1111 912 operato,
1134 870 1202 902 Sed

218 917 384 961 significat
409 917 473 948 fide
492 916 663 949 recordari
683 914 938 957 promissionem
951 919 984 945 et
997 913 1203 952 beneficium,

219 959 386 994 consolari
410 959 660 997 conscientiam,
683 964 715 990 et
737 958 860 999 gratias
891 966 993 999 agere
1015 967 1077 998 pro
1110 961 1203 987 tanto
1226 966 1229 972 ·

218 1003 391 1036 beneficio.
439 1000 637 1044 Principalis
661 1002 746 1033 enim
772 1010 876 1033 causa
899 999 1115 1031 institutionis
1139 1004 1204 1037 est,

219 1055 253 1079 vt
275 1046 361 1078 fides
384 1046 427 1077 ibi
457 1046 619 1077 excitetur
648 1050 680 1076 et
715 1049 928 1081 exerceatur,
958 1053 1032 1074 cum
1062 1042 1128 1074 hoc
1157 1042 1203 1083 pi-

219 1100 305 1133 gnus
330 1089 458 1132 gratiae
471 1089 664 1130 accipimus.
695 1086 852 1119 Preterea
874 1086 1035 1118 institutio
1059 1085 1203 1123 ordinat,

217 1139 253 1165 vt
276 1132 334 1164 fiat
357 1131 622 1170 communicatio,
645 1129 712 1162 hoc
736 1135 799 1168 est,
822 1135 857 1160 vt
869 1129 1008 1160 ministri
1027 1127 1204 1160 Ecclesiae

242 1177 391 1218 orrigant
415 1175 513 1206 etiam
536 1174 612 1217 alijs
636 1183 759 1214 corpus
783 1178 816 1205 et
840 1172 1036 1215 sanguinem
1060 1171 1203 1202 Domini.

218 1187 260 1251 Et
282 1219 370 1251 hunc
393 1229 518 1250 morem
542 1223 710 1249 seruatum
734 1225 812 1248 esse
842 1215 873 1246 in
905 1215 1067 1257 principio
1090 1212 1204 1246 Eccle-

218 1263 300 1301 siae,
324 1268 464 1293 testatur
488 1259 612 1292 Paulus
641 1260 685 1292 ad
713 1257 927 1296 Corinthios,
958 1259 1013 1300 qui
1043 1257 1205 1299 praecipit

220 1307 336 1344 etiam,
369 1310 405 1336 vt
439 1302 493 1346 alij
523 1302 609 1335 alios
644 1308 839 1344 expectent,
869 1308 903 1332 vt
934 1300 990 1332 fiat
1020 1300 1204 1332 communis

220 1348 439 1391 participatio.

307 1389 490 1422 Patefactis
532 1390 633 1432 igitur
675 1388 835 1420 abusibus
876 1387 1026 1429 priuatae
1065 1385 1204 1424 Missae,

220 1435 298 1478 quia
321 1440 352 1465 et
375 1432 555 1475 pleraeque
578 1441 694 1464 omnes
720 1431 845 1463 fiebant
867 1436 1004 1471 propter
1032 1428 1123 1460 illam
1148 1439 1205 1470 ap-

219 1477 432 1521 plicationem
466 1487 527 1518 pro
557 1476 707 1517 peccatis
736 1473 893 1511 aliorum,
924 1480 956 1505 et
986 1482 1053 1504 non
1083 1480 1206 1504 conue-

219 1522 311 1553 niunt
332 1531 407 1552 cum
430 1520 636 1551 institutione
660 1517 804 1555 Christi,
828 1517 997 1548 desierunt
1023 1516 1054 1547 in
1078 1515 1205 1546 nostris

220 1563 397 1597 Ecclesiis‚
442 1562 503 1594 Est
526 1569 636 1594 autem
660 1562 807 1593 instituta
831 1569 896 1591 vna
919 1559 1103 1592 communis
1127 1557 1206 1589 Mis-

222 1617 273 1647 sa,
296 1608 387 1639 iuxta
410 1605 533 1638 Christi
558 1605 810 1642 ordinationem,
833 1603 865 1634 in
889 1612 955 1645 qua
977 1608 1132 1644 pastores
1144 1600 1206 1632 Ec-

222 1649 400 1684 clesiarum
430 1653 648 1687 consecrant,
679 1653 830 1684 sumunt,
861 1652 894 1677 et
922 1646 1096 1689 porrigunt
1130 1643 1206 1687 alijs

221 1699 468 1726 sacramentum
492 1691 645 1733 corporis
669 1697 702 1723 ct
725 1690 899 1733 sanguinis
929 1688 1072 1728 Christi,
1096 1688 1137 1720 Et
1172 1688 1208 1719 fit

222 1736 299 1769 talis
323 1736 428 1768 Missa
451 1735 593 1778 singulis
616 1732 722 1777 serijs,
745 1739 845 1775 atque
868 1732 944 1775 alijs
963 1733 1060 1764 etiam
1079 1732 1207 1772 (liebus,

223 1781 309 1823 siqui
341 1778 443 1811 velint
471 1780 517 1810 vti
547 1783 771 1810 sacramento.
823 1775 894 1808 Nec
923 1776 1138 1808 admittuntur
1165 1775 1207 1806 ad

225 1823 506 1861 communionem,
530 1822 592 1853 nisi
617 1826 715 1853 antea
745 1818 920 1861 explorati.
966 1819 1146 1851 Adduntur
1176 1824 1209 1850 et

224 1867 405 1898 conciones
428 1866 520 1907 piae,
550 1866 636 1897 sicut
665 1863 820 1896 Christus
844 1863 1011 1904 precepit,
1039 1868 1074 1893 vt
1108 1862 1208 1893 habe-

223 1916 322 1943 antur
357 1910 539 1941 conciones
570 1918 643 1939 cum
678 1907 762 1939 haec
804 1906 994 1939 ceremonia
1033 1911 1206 1937 tractatur.

223 1953 265 1985 Et
288 1953 320 1984 in
340 1953 392 1984 liis
413 1951 642 1984 concionibus,
667 1961 740 1982 cum
765 1950 807 1981 de
837 1950 980 1981 cacteris
1003 1947 1153 1980 articulis
1177 1954 1209 1980 et

222 1999 391 2039 preceptis
425 1993 599 2037 Euangelij
635 1992 810 2035 diligenter
849 1994 1012 2025 docentur
1049 1992 1210 2030 homines,

223 2046 292 2072 tum
316 2040 413 2071 etiam
437 2039 681 2074 admonentur,
716 2037 757 2067 ad
781 2047 878 2079 quem
909 2047 1003 2067 vsum
1026 2036 1210 2067 institutum

224 2083 266 2114 sit
290 2087 548 2119 sacramentum,
571 2079 745 2118 videlicet,
769 2090 834 2111 non
859 2080 946 2121 quod
977 2090 1018 2110 ex
1048 2089 1150 2119 opere
1165 2080 1209 2115 ²¹)

224 2132 362 2167 operato
397 2131 560 2157 mereatur
590 2124 637 2155 eis
673 2124 900 2155 remissionem
917 2124 963 2162 Ι·’-’)
997 2128 1211 2164 peccatorum

225 2169 312 2201 haec
336 2168 537 2206 ceremonia,
561 2167 627 2199 Sed
657 2167 746 2209 quod
771 2172 1018 2199 sacramentnm
1047 2166 1089 2196 sit
1119 2165 1211 2197 testi-

224 2214 383 2251 monium,
408 2212 450 2243 sit
473 2212 608 2254 pignus,
631 2221 696 2252 quo
711 2210 865 2241 Christus
890 2215 1029 2240 testetur
1052 2219 1090 2240 se
1113 2209 1210 2240 nobis
1235 2225 1238 2254 Ι

225 2263 377 2298 prestare
409 2256 591 2297 promissa,
626 2261 658 2285 et
690 2254 778 2295 quod
821 2253 1048 2284 »remissiones
1076 2252 1118 2283 ad
1149 2262 1210 2283 nos

226 2300 432 2342 pertineant,
467 2298 555 2341 quod
582 2296 736 2329 Christus
773 2264 925 2328 exltibeat
958 2296 1055 2327 nobis
1087 2306 1210 2337 corpus

226 2351 334 2380 suum,
360 2350 391 2373 vt
417 2348 557 2373 testetur
580 2350 618 2372 se
646 2341 677 2372 in
704 2341 801 2370 nobis
831 2338 1001 2370 efficacem
1032 2349 1109 2370 esse
1140 2346 1210 2369 tan-

227 2396 324 2428 quam
359 2387 391 2417 in
421 2385 577 2416 membris
612 2385 701 2418 suis.
734 2382 895 2414 Exhibeat
930 2383 1143 2424 sanguinem,
1177 2387 1212 2412 vt

227 2435 366 2461 testetur
401 2439 464 2459 nos
499 2427 588 2459 ablui
618 2426 783 2469 sanguine
817 2436 890 2457 suc.
937 2425 1079 2457 Prodest
1113 2425 1212 2467 igitur

227 2479 472 2503 sacramentum
501 2471 571 2508 his,
600 2471 655 2513 qui
678 2477 788 2513 'agunt
818 2470 1071 2511 poenitentiam,
1107 2475 1138 2500 et
1167 2468 1213 2500 ibi

227 2627 276 2658 21)
295 2626 388 2658 opero]
407 2626 455 2651 Ed.
477 2626 500 2651 ³.
522 2630 572 2660 typ.
593 2635 689 2652 errore:
710 2633 791 2659 opor·

228 2671 275 2701 22)
296 2669 486 2703 rominioneml
506 2672 541 2694 n'e
560 2670 607 2694 Ed.
628 2671 666 2698 §.2
687 2669 734 2694 Ed.
755 2670 794 2695 3.:
816 2669 935 2693 remit-io

671 179 786 213 PlllL.
808 179 912 212 MEL.
935 178 1123 212 SCRIPTA
1145 177 1417 211 DOGMATICA
1438 177 1494 210 ET
1517 177 1789 211 SYMBOLICA.

2168 178 2233 212 380

1249 278 1392 314 querunt
1415 270 1699 310 consolationem,
1723 278 1756 303 et
1780 271 1966 304 confirmati
1994 270 2060 304 hoc
2086 272 2233 305 testimo-

1248 315 1303 346 nio
1328 314 1467 346 credunt
1490 324 1570 346 vere
1593 315 1656 346 sibi
1679 315 1822 355 prestari
1853 315 2084 346 remissionem
2114 325 2233 356 pecca-

1249 364 1369 396 torum,
1393 364 1425 389 et
1447 363 1553 400 agunt
1575 358 1702 399 gratias
1715 356 1851 388 Christo
1868 367 1931 398 pro
1944 363 2036 388 tanto
2060 357 2233 391 beneficio.

1249 400 1297 431 lta
1321 399 1356 431 fit
1379 398 1556 441 applicatio
1583 399 1734 441 beneficij
1749 398 1883 438 Christi,
1908 410 1974 431 non
1999 406 2133 441 propter
2155 399 2234 433 alie-

1250 453 1327 474 num
1351 452 1448 483 opuS,
1470 442 1532 474 sed
1560 443 1696 484 propria
1726 442 1889 483 cuiusque
1921 441 2003 481 fide,
2033 449 2066 474 et
2099 444 2234 485 proprio

1250 495 1313 516 vsu
1347 485 1568 523 sacramenti,
1601 485 1684 517 Nam
1720 495 1793 516 cum
1827 485 1890 526 ipsi
1924 486 2061 524 vtimur,
2095 492 2234 519 testatur

1249 528 1324 568 ipsa
1347 526 1470 559 Christi
1494 528 1670 566 ordinatio,
1694 527 1781 569 quod
1804 529 1847 559 ad
1870 538 1934 559 nos
1958 529 2121 569 pertineat
2135 530 2234 561 bene·

1251 570 1361 602 iicium
1384 569 1571 613 Euangelij.
1616 569 1707 601 Talis
1731 580 1813 601 vsus
1843 572 2045 603 sacramenti
2068 572 2143 613 pius
2171 577 2235 611 est,

1250 619 1283 645 et
1300 613 1472 645 docendus
1494 614 1527 645 in
1550 612 1727 651 Ecclesiis‚
1750 613 1805 655 qui
1829 619 1861 644 et
1883 612 2028 646 illustrat
2050 615 2235 647 doctrinam

1251 656 1293 688 de
1311 656 1388 694 fide,
1415 662 1448 687 et
1471 656 1512 687 de
1535 655 1763 697 spiritualibus
1787 657 1980 699 exercicijs,
1999 664 2031 688 et
2054 658 2143 689 veris
2167 656 2235 690 cul-

1251 699 1352 736 tibus,
1376 704 1408 730 et
1430 697 1538 730 adfert
1570 699 1635 741 pijs
1666 699 1883 741 conscientijs
1912 700 2081 742 ingentem
2115 710 2235 733 conso·

1250 740 1420 780 lationem,
1443 747 1477 772 et
1495 742 1591 784 erigit
1621 742 1730 774 fidem.
1775 742 1863 774 Ante
1894 741 1978 774 hacc
2006 749 2170 784 tempora,
2193 743 2236 776 de

1252 795 1316 816 vsu
1339 786 1543 816 sacramenti
1561 784 1662 828 longe
1685 783 1780 816 aliter
1811 785 2018 818 docebantur
2046 784 2232 819 Ecclesiae.

1250 826 1340 859 Nihil
1363 829 1625 869 proponebatur,
1649 828 1712 859 nisi
1735 828 1827 869 quod
1849 828 1916 860 hoc
1939 839 2024 870 opus
2048 827 2235 861 faciendum

1251 876 1352 902 esset.
1403 869 1456 901 De
1490 869 1572 908 fide,
1603 870 1645 901 de
1676 869 1907 901 consolatione
1942 871 2235 910 conscientiarum,

1251 922 1350 944 nemo
1372 912 1552 954 quidquam
1575 912 1743 944 monebat.
1778 911 1820 943 Et
1842 913 2050 944 vexabantur
2062 913 2234 945 conscien-

1252 956 1315 987 tiae
1338 955 1515 986 immodica
1537 954 1708 997 diligentia
1721 953 1956 992 confessionis,
1970 954 2063 987 Hanc
2075 956 2236 996 putabant

1252 999 1429 1040 puritatem
1442 1007 1529 1033 esse,
1543 1007 1640 1040 quam
1653 998 1790 1039 requirit
1802 996 2029 1040 EuangeHum,
2042 1008 2117 1029 cum
2129 997 2236 1030 Euan-

1253 1040 1376 1084 gelium
1390 1041 1536 1083 requirat
1549 1051 1666 1073 verum
1684 1041 1847 1077 timorem,
1859 1047 1891 1071 et
1905 1051 2016 1072 veram
2030 1040 2194 1079 fiduciam,
2205 1046 2239 1073 et

1253 1095 1315 1117 vsu
1327 1083 1424 1116 huius
1437 1084 1638 1115 sacramenti
1662 1093 1724 1115 nos
1743 1081 1947 1120 consolatur,
1960 1090 1995 1115 vt
2007 1082 2040 1115 hi
2059 1083 2114 1126 qui
2126 1083 2238 1125 poeni·

1253 1128 1388 1159 tentiam
1412 1133 1528 1169 agunt,
1552 1127 1692 1159 credant
1716 1132 1809 1158 certo
1828 1135 1867 1157 se
1890 1125 2016 1158 habere
2035 1125 2143 1159 Deum
2161 1136 2238 1168 pro-

1253 1171 1373 1212 picium
1397 1176 1534 1211 propter
1568 1169 1754 1207 Christum,
1792 1169 1921 1201 etiamsi
1951 1175 2070 1201 natura
2097 1168 2239 1208 infirma,

1254 1219 1287 1247 et
1309 1213 1474 1244 immunda
1497 1219 1560 1251 est,
1585 1212 1711 1244 etiamsi
1735 1212 1819 1244 haec
1842 1219 1959 1243 nostra
1982 1212 2137 1245 inchoata
2159 1213 2238 1244 obe·

1253 1257 1377 1288 dientia
1405 1255 1525 1298 procul
1553 1256 1651 1287 abest
1679 1265 1699 1286 a
1728 1253 1936 1296 perfectione
1964 1254 2060 1297 legis.
2106 1254 2157 1286 Ex
2186 1253 2240 1286 hie

1253 1300 1407 1331 omnibus
1427 1299 1509 1329 satis
1533 1297 1636 1340 liquet
1659 1298 1801 1330 Missam
1829 1298 1918 1338 apud
1949 1309 2029 1337 nos,
2060 1298 2241 1330 conuenire

1254 1352 1330 1374 cum
1353 1341 1560 1373 institutione
1582 1339 1720 1379 Christi,
1745 1346 1778 1372 et
1805 1340 1869 1372 ritu
1898 1341 2024 1381 primae
2053 1339 2240 1380 Ecclesiae,

1253 1385 1307 1417 Ad
1330 1383 1415 1415 haec
1439 1382 1582 1415 illustrat
1605 1383 1747 1415 maxime
1771 1393 1886 1415 rerum
1909 1393 2006 1416 vsum
2030 1384 2240 1416 sacramenti.

1254 1427 1448 1460 Huiusmodi
1470 1427 1654 1458 communis
1677 1425 1785 1458 Missa
1806 1426 1868 1458 suit
1890 1427 1923 1458 in
1948 1427 2053 1459 veteri
2076 1425 2241 1468 Ecclesia,

1254 1478 1289 1502 vt
1313 1469 1577 1512 Chrysostomus
1602 1475 1756 1507 testatur,
1780 1469 1835 1511 qui
1863 1470 1930 1508 ait,
1957 1470 2169 1502 sacerdotem
2197 1470 2242 1502 ad

1254 1512 1360 1546 altare
1382 1519 1490 1551 stare,
1521 1519 1554 1544 et
1575 1511 1660 1545 alios
1682 1513 1725 1544 ad
1757 1513 2022 1545 communionem
2052 1522 2242 1552 accersere,

1255 1555 1341 1589 alios
1365 1566 1444 1588 vero
1469 1566 1598 1588 arcere.
1643 1555 1685 1587 Et
1709 1565 1750 1587 ex
1771 1555 1920 1588 Nicenae
1939 1555 2066 1598 synodi
2095 1556 2242 1588 decretis

1255 1606 1412 1642 apparet,
1441 1610 1543 1632 vnum
1573 1598 1717 1642 aliquem
1747 1597 1940 1631 celebrasse
1974 1598 2175 1641 Liturgiam,
2207 1603 2243 1631 vt

1257 1644 1370 1687 graeci
1410 1650 1554 1681 vocant,
1591 1643 1646 1685 qui
1688 1642 1828 1674 caeteris
1867 1642 2021 1674 omnibus
2059 1642 2244 1684 porrexerit

1258 1696 1380 1729 corpus
1416 1692 1448 1718 et
1487 1687 1683 1729 sanguinem
1708 1684 1852 1717 Domini.
1908 1684 2002 1718 Haec
2044 1685 2130 1717 enim
2163 1690 2243 1718 sunt

1258 1732 1361 1763 verba
1386 1729 1518 1761 decreti.
1564 1729 1740 1770 Accipiunt
1769 1728 1912 1761 Diaconi
1946 1728 2129 1760 secundum
2157 1728 2242 1761 ordi-

1259 1785 1334 1806 nem
1356 1780 1433 1815 post
1458 1773 1677 1815 presbyteros
1700 1773 1742 1804 ab
1766 1771 1951 1814 Episcopo,
1975 1770 2030 1804 vel
2058 1782 2079 1803 a
2101 1771 2242 1814 presby-

1259 1824 1332 1849 tero
1373 1827 1507 1848 sacram
1548 1816 1823 1848 communionem.
1880 1814 1942 1847 Hic
1982 1816 2105 1847 diserte
2148 1815 2242 1857 ipson

1259 1861 1478 1903 presbyteros
1495 1861 1538 1895 ²⁸)
1569 1859 1614 1891 ait
1644 1859 1799 1901 accipere
1825 1865 2070 1890 sacramentum
2098 1859 2142 1890 ab
2175 1867 2243 1890 vno

1260 1904 1401 1946 quodam
1437 1903 1641 1944 porrigente.
1687 1901 1758 1934 Nec
1781 1902 1931 1942 priuatae
1953 1900 2080 1933 Missae
2113 1899 2181 1932 vlla
2208 1900 2245 1933 fit

1259 1948 1392 1984 mentio,
1415 1953 1491 1977 ante
1513 1945 1667 1987 Gregorij
1694 1953 1854 1986 tempora,
1874 1944 1942 1977 Sed
1956 1945 2086 1986 quoties
2110 1950 2242 1976 veteres

1260 1991 1301 2022 de
1326 1989 1430 2021 Missa
1455 1988 1647 2030 loquuntur,
1671 1994 1810 2030 apparet
1839 1999 1900 2020 eos
1932 1988 1973 2019 de
2001 1997 2066 2019 ma
2100 1988 2244 2029 quadam

1260 2033 1423 2065 communi
1459 2031 1563 2064 Missa
1596 2031 1696 2074 loqui·
1752 2031 1835 2063 Cum
1869 2031 1968 2073 igitur
1999 2029 2126 2063 Missae
2160 2031 2243 2063 ritus

1259 2088 1277 2108 a
1305 2077 1347 2108 ud
1371 2086 1434 2107 nos
1458 2075 1577 2107 habeat
1607 2075 1817 2107 autoritatem
1839 2076 2045 2115 scripturae,
2074 2079 2107 2106 et
2134 2083 2243 2106 exem·

1260 2131 1350 2162 pum
1374 2119 1497 2151 veteris
1522 2117 1707 2155 Ecclesiae,
1731 2124 1762 2150 et
1787 2124 1911 2149 tantum
1935 2115 2161 2150 intolerabiles
2197 2116 2242 2149 ui·

1260 2164 1335 2195 dam
1357 2163 1484 2194 abusus
1508 2161 1628 2193 abiecti
1651 2162 1730 2199 sint,
1753 2161 1936 2202 Speratnus
1961 2171 2029 2192 non
2059 2170 2162 2202 posse
2174 2127 2243 2192 tlm·

1260 2206 1392 2248 probari
1416 2212 1607 2237 nostrarum
1632 2204 1859 2237 Eoi-testarum
1882 2214 2017 2236 morem-
2064 2202 2176 2236 Ceteri
2201 2202 2243 2236 ri-

1259 2257 1313 2282 tus
1336 2249 1507 2290 adiaphori
1531 2258 1653 2291 magna
1677 2258 1717 2280 ex
1742 2255 1834 2290 pnrtc
1858 2248 1978 2279 vsitato
2002 2257 2093 2279 more
2105 2256 2242 2278 seruan-

1260 2300 1323 2331 tur,
1346 2293 1414 2325 Sed
1439 2302 1595 2324 numerus
1620 2290 1795 2323 missarum
1818 2289 1989 2323 dissimilis
2012 2296 2074 2322 cst.
2094 2292 2134 2327 ¹⁹)
2170 2289 2244 2322 Neo

1261 2335 1337 2368 olim
1362 2336 1392 2367 in
1417 2334 1581 2367 Ecclesiis
1605 2333 1884 2376 frequentissimis
1909 2334 2006 2366 fiebat
2022 2335 2067 2371 ²⁴)
2097 2332 2244 2388 quotidie

1261 2379 1378 2418 Missa,
1403 2385 1436 2410 vt
1461 2385 1603 2409 testatur
1626 2378 1765 2409 historia
1789 2378 1951 2420 tripartita
1974 2375 2072 2409 lih.9.
2095 2375 2243 2419 Cap-38·

1261 2423 1391 2455 Rursus
1414 2428 1525 2454 autem
1549 2421 1581 2453 in
1605 2419 1823 2460 Alexandria,
1845 2428 1966 2463 quarta
1988 2427 2022 2454 et
2043 2426 2139 2453 sexta
2161 2417 2245 2452 soria

1260 2589 1308 2620 28)
1327 2585 1504 2620 presbyteros]
1523 2586 1571 2611 Ed.
1590 2587 1614 2612 8.
1635 2589 1687 2619 φρ.
1707 2593 1803 2611 erroro:
1823 2585 1981 2618 presbiteros

1259 2633 1308 2664 2⁴)
1326 2631 1381 2657 Neo
1399 2631 1460 2655 otim
1480 2631 1506 2654 in
1531 2629 1602 2654 Ecet.
1629 2629 1694 2662 freq.
1719 2627 1809 2663 nob-t]
1834 2630 1870 2653 εἰσ
1895 2629 1975 2654 Edttt.
1997 2628 2023 2655 8.
2046 2628 2089 2658 43
2112 2626 2194 2652 Bdttt.
2218 2627 2244 2654 l·

1330 2667 1370 2694 ΒΑ
1389 2665 1456 2691 Nan
1474 2665 1537 2691 otim
1555 2666 1634 2691 otiam
1654 2666 1681 2690 ia
1700 2664 1825 2697 nectun-
1843 2663 2058 2697 t'nquenttuinu
2076 2669 2131 2688 noa
2149 2662 2228 2688 flebat
