<?xml version="1.0" encoding="UTF-8"?>
<!DOCTYPE html PUBLIC "-//W3C//DTD XHTML 1.0 Transitional//EN"
    "http://www.w3.org/TR/xhtml1/DTD/xhtml1-transitional.dtd">
<html xmlns="http://www.w3.org/1999/xhtml" xml:lang="en" lang="en">
 <head>
  <title>
</title>
<meta http-equiv="Content-Type" content="text/html;charset=utf-8" />
  <meta name='ocr-system' content='tesseract 3.04.00' />
  <meta name='ocr-capabilities' content='ocr_page ocr_carea ocr_par ocr_line ocrx_word'/>
</head>
<body>
  <div class='ocr_page' id='page_1' title='image "./operaquaesupersu26melauoft_0187.png"; bbox 0 0 2324 2944; ppageno 0'>
   <div class='ocr_carea' id='block_1_1' title="bbox 76 92 2127 144">
    <p class='ocr_par' dir='ltr' id='par_1_1' title="bbox 76 92 2127 144">
     <span class='ocr_line' id='line_1_1' title="bbox 76 92 2127 144; baseline -0.005 -10"><span class='ocrx_word' id='word_1_1' title='bbox 76 141 85 144; x_wconf 53' lang='grc'>-</span> <span class='ocrx_word' id='word_1_2' title='bbox 122 101 186 134; x_wconf 81' lang='grc'><strong>345</strong></span> <span class='ocrx_word' id='word_1_3' title='bbox 704 98 742 129; x_wconf 88' lang='lat' dir='ltr'><strong>n.</strong></span> <span class='ocrx_word' id='word_1_4' title='bbox 786 97 825 128; x_wconf 91' lang='lat' dir='ltr'><strong>B.</strong></span> <span class='ocrx_word' id='word_1_5' title='bbox 872 95 1117 129; x_wconf 85' lang='lat' dir='ltr'><strong>CONFESSIO</strong></span> <span class='ocrx_word' id='word_1_6' title='bbox 1137 93 1412 128; x_wconf 76' lang='lat' dir='ltr'><strong>AUGUSTANA</strong></span> <span class='ocrx_word' id='word_1_7' title='bbox 1433 93 1542 126; x_wconf 80' lang='lat' dir='ltr'><strong>IPSA.</strong></span> <span class='ocrx_word' id='word_1_8' title='bbox 2063 92 2127 125; x_wconf 78' lang='lat'><strong>346</strong></span> 
     </span>
    </p>
   </div>
   <div class='ocr_carea' id='block_1_2' title="bbox 121 187 2126 232">
    <p class='ocr_par' dir='ltr' id='par_1_2' title="bbox 121 187 2126 232">
     <span class='ocr_line' id='line_1_2' title="bbox 121 187 2126 232; baseline -0.003 -9"><span class='ocrx_word' id='word_1_9' title='bbox 121 193 188 227; x_wconf 85' lang='lat' dir='ltr'><strong>FoI.</strong></span> <span class='ocrx_word' id='word_1_10' title='bbox 217 195 292 223; x_wconf 79' lang='lat'>137¹&gt;</span> <span class='ocrx_word' id='word_1_11' title='bbox 313 193 472 223; x_wconf 70' lang='lat' dir='ltr'>exhibetur</span> <span class='ocrx_word' id='word_1_12' title='bbox 489 192 719 232; x_wconf 84' lang='lat' dir='ltr'><strong>Praecipvorvm</strong></span> <span class='ocrx_word' id='word_1_13' title='bbox 742 191 940 221; x_wconf 79' lang='lat' dir='ltr'><strong>Articviorvm</strong></span> <span class='ocrx_word' id='word_1_14' title='bbox 961 191 1131 231; x_wconf 77' lang='lat' dir='ltr'><strong>Apologiae</strong></span> <span class='ocrx_word' id='word_1_15' title='bbox 1155 189 1331 229; x_wconf 81' lang='lat' dir='ltr'><strong>Catalogvs‚</strong></span> <span class='ocrx_word' id='word_1_16' title='bbox 1351 190 1379 219; x_wconf 93' lang='lat' dir='ltr'><strong>in</strong></span> <span class='ocrx_word' id='word_1_17' title='bbox 1399 199 1460 229; x_wconf 89' lang='lat' dir='ltr'><strong>quo</strong></span> <span class='ocrx_word' id='word_1_18' title='bbox 1485 190 1593 228; x_wconf 86' lang='lat' dir='ltr'><strong>cuique</strong></span> <span class='ocrx_word' id='word_1_19' title='bbox 1605 187 1731 219; x_wconf 88' lang='lat' dir='ltr'><strong>articulo</strong></span> <span class='ocrx_word' id='word_1_20' title='bbox 1750 197 1890 218; x_wconf 85' lang='lat' dir='ltr'><strong>numerus</strong></span> <span class='ocrx_word' id='word_1_21' title='bbox 1915 187 1993 223; x_wconf 80' lang='lat' dir='ltr'><strong>solii,</strong></span> <span class='ocrx_word' id='word_1_22' title='bbox 2017 189 2046 217; x_wconf 92' lang='lat' dir='ltr'><strong>in</strong></span> <span class='ocrx_word' id='word_1_23' title='bbox 2067 198 2126 227; x_wconf 90' lang='lat' dir='ltr'><strong>quo</strong></span> 
     </span>
    </p>
   </div>
   <div class='ocr_carea' id='block_1_3' title="bbox 123 234 2125 317">
    <p class='ocr_par' dir='ltr' id='par_1_3' title="bbox 123 234 2125 317">
     <span class='ocr_line' id='line_1_3' title="bbox 123 234 1116 276; baseline -0.004 -9"><span class='ocrx_word' id='word_1_24' title='bbox 123 237 252 271; x_wconf 85' lang='lat' dir='ltr'><strong>orditur,</strong></span> <span class='ocrx_word' id='word_1_25' title='bbox 277 235 450 276; x_wconf 78' lang='lat' dir='ltr'><strong>adscriptus</strong></span> <span class='ocrx_word' id='word_1_26' title='bbox 468 240 527 266; x_wconf 85' lang='lat' dir='ltr'><strong>est.</strong></span> <span class='ocrx_word' id='word_1_27' title='bbox 571 234 717 265; x_wconf 84' lang='lat' dir='ltr'><strong>Ultimum</strong></span> <span class='ocrx_word' id='word_1_28' title='bbox 742 234 846 264; x_wconf 76' lang='lat' dir='ltr'><strong>solium</strong></span> <span class='ocrx_word' id='word_1_29' title='bbox 866 238 900 274; x_wconf 83' lang='lat' dir='ltr'><strong>(y</strong></span> <span class='ocrx_word' id='word_1_30' title='bbox 921 237 952 273; x_wconf 83' lang='lat' dir='ltr'><strong>G)</strong></span> <span class='ocrx_word' id='word_1_31' title='bbox 975 239 1070 264; x_wconf 76' lang='lat' dir='ltr'><strong>vacat.</strong></span> <span class='ocrx_word' id='word_1_32' title='bbox 1083 236 1116 272; x_wconf 60' lang='lat'><strong>²⁸)</strong></span> 
     </span>
     <span class='ocr_line' id='line_1_4' title="bbox 276 274 2125 317; baseline -0.003 -9"><span class='ocrx_word' id='word_1_33' title='bbox 276 277 325 308; x_wconf 80' lang='lat' dir='ltr'><strong>De</strong></span> <span class='ocrx_word' id='word_1_34' title='bbox 349 278 405 308; x_wconf 90' lang='lat' dir='ltr'><strong>hac</strong></span> <span class='ocrx_word' id='word_1_35' title='bbox 423 278 480 309; x_wconf 83' lang='lat' dir='ltr'><strong>Ed.</strong></span> <span class='ocrx_word' id='word_1_36' title='bbox 499 279 687 309; x_wconf 89' lang='lat' dir='ltr'><strong>Weberus</strong></span> <span class='ocrx_word' id='word_1_37' title='bbox 706 277 725 307; x_wconf 90' lang='lat' dir='ltr'><strong>l.</strong></span> <span class='ocrx_word' id='word_1_38' title='bbox 745 277 764 307; x_wconf 91' lang='lat' dir='ltr'><strong>I.</strong></span> <span class='ocrx_word' id='word_1_39' title='bbox 789 276 824 308; x_wconf 90' lang='lat' dir='ltr'><strong>II.</strong></span> <span class='ocrx_word' id='word_1_40' title='bbox 849 288 877 317; x_wconf 88' lang='lat' dir='ltr'><strong>p.</strong></span> <span class='ocrx_word' id='word_1_41' title='bbox 902 280 1075 307; x_wconf 78' lang='lat'>103—107.</span> <span class='ocrx_word' id='word_1_42' title='bbox 1094 277 1265 307; x_wconf 74' lang='lat' dir='ltr'><strong>accuratius</strong></span> <span class='ocrx_word' id='word_1_43' title='bbox 1288 275 1420 305; x_wconf 86' lang='lat' dir='ltr'><strong>disserit.</strong></span> <span class='ocrx_word' id='word_1_44' title='bbox 1466 275 1516 304; x_wconf 80' lang='lat' dir='ltr'><strong>Ab</strong></span> <span class='ocrx_word' id='word_1_45' title='bbox 1538 274 1596 304; x_wconf 85' lang='lat' dir='ltr'><strong>Ed.</strong></span> <span class='ocrx_word' id='word_1_46' title='bbox 1618 274 1695 304; x_wconf 79' lang='lat' dir='ltr'><strong>Mel.</strong></span> <span class='ocrx_word' id='word_1_47' title='bbox 1719 275 1854 314; x_wconf 82' lang='lat' dir='ltr'><strong>principe</strong></span> <span class='ocrx_word' id='word_1_48' title='bbox 1879 275 1946 304; x_wconf 89' lang='lat' dir='ltr'><strong>anni</strong></span> <span class='ocrx_word' id='word_1_49' title='bbox 1976 276 2065 303; x_wconf 83' lang='lat'>1531.</span> <span class='ocrx_word' id='word_1_50' title='bbox 2090 277 2125 303; x_wconf 87' lang='lat'><strong>4⁰</strong></span> 
     </span>
    </p>
   </div>
   <div class='ocr_carea' id='block_1_4' title="bbox 123 320 1028 362">
    <p class='ocr_par' dir='ltr' id='par_1_4' title="bbox 123 320 1028 362">
     <span class='ocr_line' id='line_1_5' title="bbox 123 320 1028 362; baseline -0.003 -10"><span class='ocrx_word' id='word_1_51' title='bbox 123 327 215 362; x_wconf 80' lang='lat' dir='ltr'><strong>atque</strong></span> <span class='ocrx_word' id='word_1_52' title='bbox 236 321 296 353; x_wconf 91' lang='lat' dir='ltr'><strong>Ed.</strong></span> <span class='ocrx_word' id='word_1_53' title='bbox 315 321 410 351; x_wconf 87' lang='lat' dir='ltr'><strong>altera</strong></span> <span class='ocrx_word' id='word_1_54' title='bbox 433 332 459 351; x_wconf 86' lang='lat' dir='ltr'><strong>a.</strong></span> <span class='ocrx_word' id='word_1_55' title='bbox 483 324 574 353; x_wconf 88' lang='grc'><strong>1531.</strong></span> <span class='ocrx_word' id='word_1_56' title='bbox 595 323 631 351; x_wconf 87' lang='lat'><strong>8⁰</strong></span> <span class='ocrx_word' id='word_1_57' title='bbox 649 321 783 360; x_wconf 82' lang='lat' dir='ltr'>inprimis</span> <span class='ocrx_word' id='word_1_58' title='bbox 806 320 892 350; x_wconf 82' lang='lat' dir='ltr'><strong>hisce</strong></span> <span class='ocrx_word' id='word_1_59' title='bbox 916 320 1028 350; x_wconf 74' lang='lat' dir='ltr'><strong>differt:</strong></span> 
     </span>
    </p>
   </div>
   <div class='ocr_carea' id='block_1_5' title="bbox 333 372 2129 454">
    <p class='ocr_par' dir='ltr' id='par_1_5' title="bbox 333 372 2129 454">
     <span class='ocr_line' id='line_1_6' title="bbox 333 372 2129 416; baseline -0.002 -10"><span class='ocrx_word' id='word_1_60' title='bbox 333 380 358 406; x_wconf 94' lang='lat'><strong>1.</strong></span> <span class='ocrx_word' id='word_1_61' title='bbox 382 380 415 406; x_wconf 79' lang='lat' dir='ltr'><strong>in</strong></span> <span class='ocrx_word' id='word_1_62' title='bbox 435 377 544 415; x_wconf 73' lang='lat' dir='ltr'><strong>titulo,</strong></span> <span class='ocrx_word' id='word_1_63' title='bbox 575 377 693 407; x_wconf 90' lang='lat' dir='ltr'><strong>verbis:</strong></span> <span class='ocrx_word' id='word_1_64' title='bbox 724 376 837 406; x_wconf 86' lang='lat' dir='ltr'><strong>Addita</strong></span> <span class='ocrx_word' id='word_1_65' title='bbox 865 381 912 405; x_wconf 84' lang='lat' dir='ltr'><strong>est</strong></span> <span class='ocrx_word' id='word_1_66' title='bbox 940 376 1092 416; x_wconf 83' lang='lat' dir='ltr'><strong>Apologia</strong></span> <span class='ocrx_word' id='word_1_67' title='bbox 1119 373 1334 405; x_wconf 80' lang='lat' dir='ltr'><strong>Consessionis</strong></span> <span class='ocrx_word' id='word_1_68' title='bbox 1361 373 1528 413; x_wconf 73' lang='lat' dir='ltr'><strong>dile&#39;yenter</strong></span> <span class='ocrx_word' id='word_1_69' title='bbox 1557 375 1736 412; x_wconf 67' lang='lat' dir='ltr'><strong>recognita,</strong></span> <span class='ocrx_word' id='word_1_70' title='bbox 1768 382 1948 411; x_wconf 84' lang='lat' dir='ltr'><strong>quamquam</strong></span> <span class='ocrx_word' id='word_1_71' title='bbox 1979 372 2129 412; x_wconf 78' lang='lat' dir='ltr'><strong>Apologia</strong></span> 
     </span>
     <span class='ocr_line' id='line_1_7' title="bbox 372 419 1306 454; baseline -0.004 -3"><span class='ocrx_word' id='word_1_72' title='bbox 372 421 463 451; x_wconf 85' lang='lat' dir='ltr'><strong>huius</strong></span> <span class='ocrx_word' id='word_1_73' title='bbox 482 420 634 451; x_wconf 87' lang='lat' dir='ltr'><strong>Editionis</strong></span> <span class='ocrx_word' id='word_1_74' title='bbox 658 420 764 449; x_wconf 84' lang='lat' dir='ltr'><strong>eadem</strong></span> <span class='ocrx_word' id='word_1_75' title='bbox 789 423 853 454; x_wconf 84' lang='lat' dir='ltr'><strong>est,</strong></span> <span class='ocrx_word' id='word_1_76' title='bbox 877 429 913 448; x_wconf 92' lang='lat' dir='ltr'><strong>ac</strong></span> <span class='ocrx_word' id='word_1_77' title='bbox 931 419 1083 449; x_wconf 84' lang='lat' dir='ltr'><strong>Editionis</strong></span> <span class='ocrx_word' id='word_1_78' title='bbox 1102 428 1128 448; x_wconf 91' lang='lat' dir='ltr'><strong>a.</strong></span> <span class='ocrx_word' id='word_1_79' title='bbox 1153 420 1241 448; x_wconf 85' lang='lat'>1531.</span> <span class='ocrx_word' id='word_1_80' title='bbox 1263 420 1306 447; x_wconf 83' lang='lat'><strong>8⁰.</strong></span> 
     </span>
    </p>
   </div>
   <div class='ocr_carea' id='block_1_6' title="bbox 332 470 2128 767">
    <p class='ocr_par' dir='ltr' id='par_1_6' title="bbox 332 470 2128 767">
     <span class='ocr_line' id='line_1_8' title="bbox 332 470 2127 516; baseline -0.003 -10"><span class='ocrx_word' id='word_1_81' title='bbox 332 478 360 506; x_wconf 75' lang='lat'><strong>2.</strong></span> <span class='ocrx_word' id='word_1_82' title='bbox 383 478 415 506; x_wconf 81' lang='lat' dir='ltr'><strong>r‘n</strong></span> <span class='ocrx_word' id='word_1_83' title='bbox 434 478 504 516; x_wconf 81' lang='lat' dir='ltr'><strong>ipso</strong></span> <span class='ocrx_word' id='word_1_84' title='bbox 528 485 636 515; x_wconf 81' lang='lat' dir='ltr'><strong>opere,</strong></span> <span class='ocrx_word' id='word_1_85' title='bbox 656 486 693 505; x_wconf 90' lang='lat' dir='ltr'><strong>co</strong></span> <span class='ocrx_word' id='word_1_86' title='bbox 717 475 797 514; x_wconf 88' lang='lat' dir='ltr'><strong>quod</strong></span> <span class='ocrx_word' id='word_1_87' title='bbox 821 475 938 514; x_wconf 81' lang='lat' dir='ltr'><strong>plurimi</strong></span> <span class='ocrx_word' id='word_1_88' title='bbox 969 474 1037 503; x_wconf 80' lang='lat' dir='ltr'><strong>fidei</strong></span> <span class='ocrx_word' id='word_1_89' title='bbox 1065 473 1199 508; x_wconf 81' lang='lat' dir='ltr'><strong>articuli,</strong></span> <span class='ocrx_word' id='word_1_90' title='bbox 1223 473 1398 512; x_wconf 86' lang='lat' dir='ltr'><strong>praesertim</strong></span> <span class='ocrx_word' id='word_1_91' title='bbox 1423 471 1476 501; x_wconf 93' lang='lat' dir='ltr'><strong>IV.</strong></span> <span class='ocrx_word' id='word_1_92' title='bbox 1496 471 1536 501; x_wconf 91' lang='lat' dir='ltr'><strong>V.</strong></span> <span class='ocrx_word' id='word_1_93' title='bbox 1559 470 1612 501; x_wconf 91' lang='lat' dir='ltr'><strong>VI.</strong></span> <span class='ocrx_word' id='word_1_94' title='bbox 1635 470 1746 501; x_wconf 85' lang='lat' dir='ltr'><strong>XVIII.</strong></span> <span class='ocrx_word' id='word_1_95' title='bbox 1777 471 1848 500; x_wconf 85' lang='lat' dir='ltr'><strong>XX.</strong></span> <span class='ocrx_word' id='word_1_96' title='bbox 1871 470 1954 501; x_wconf 89' lang='lat' dir='ltr'>XXI.</span> <span class='ocrx_word' id='word_1_97' title='bbox 1981 471 2127 510; x_wconf 82' lang='lat' dir='ltr'><strong>prolixius</strong></span> 
     </span>
     <span class='ocr_line' id='line_1_9' title="bbox 373 513 2127 557; baseline -0.004 -8"><span class='ocrx_word' id='word_1_98' title='bbox 373 521 537 554; x_wconf 81' lang='lat' dir='ltr'><strong>retractati,</strong></span> <span class='ocrx_word' id='word_1_99' title='bbox 561 518 614 549; x_wconf 89' lang='lat' dir='ltr'><strong>XI.</strong></span> <span class='ocrx_word' id='word_1_100' title='bbox 639 522 669 549; x_wconf 88' lang='lat' dir='ltr'><strong>et</strong></span> <span class='ocrx_word' id='word_1_101' title='bbox 692 517 758 549; x_wconf 88' lang='lat' dir='ltr'><strong>XII.</strong></span> <span class='ocrx_word' id='word_1_102' title='bbox 782 518 958 557; x_wconf 80' lang='lat' dir='ltr'>transpositi</span> <span class='ocrx_word' id='word_1_103' title='bbox 982 521 1052 546; x_wconf 88' lang='lat' dir='ltr'><strong>sunt</strong></span> <span class='ocrx_word' id='word_1_104' title='bbox 1075 521 1167 556; x_wconf 88' lang='lat' dir='ltr'><strong>atque</strong></span> <span class='ocrx_word' id='word_1_105' title='bbox 1190 520 1242 545; x_wconf 85' lang='lat' dir='ltr'><strong>art.</strong></span> <span class='ocrx_word' id='word_1_106' title='bbox 1267 515 1304 545; x_wconf 91' lang='lat' dir='ltr'><strong>X.</strong></span> <span class='ocrx_word' id='word_1_107' title='bbox 1326 518 1458 545; x_wconf 85' lang='lat' dir='ltr'><strong>mutatus</strong></span> <span class='ocrx_word' id='word_1_108' title='bbox 1482 518 1547 551; x_wconf 71' lang='lat' dir='ltr'><strong>est3</strong></span> <span class='ocrx_word' id='word_1_109' title='bbox 1578 515 1648 544; x_wconf 90' lang='lat' dir='ltr'><strong>item</strong></span> <span class='ocrx_word' id='word_1_110' title='bbox 1673 525 1727 547; x_wconf 84' lang='lat' dir='ltr'><strong>eo,</strong></span> <span class='ocrx_word' id='word_1_111' title='bbox 1752 513 1833 553; x_wconf 88' lang='lat' dir='ltr'><strong>quod</strong></span> <span class='ocrx_word' id='word_1_112' title='bbox 1862 515 1994 552; x_wconf 90' lang='lat' dir='ltr'><strong>quinque</strong></span> <span class='ocrx_word' id='word_1_113' title='bbox 2012 515 2127 553; x_wconf 82' lang='lat' dir='ltr'>priores</span> 
     </span>
     <span class='ocr_line' id='line_1_10' title="bbox 377 556 2128 601; baseline -0.004 -9"><span class='ocrx_word' id='word_1_114' title='bbox 377 563 590 597; x_wconf 81' lang='lat' dir='ltr'><strong>articulorum,</strong></span> <span class='ocrx_word' id='word_1_115' title='bbox 610 563 639 591; x_wconf 91' lang='lat' dir='ltr'><strong>in</strong></span> <span class='ocrx_word' id='word_1_116' title='bbox 664 562 776 601; x_wconf 87' lang='lat' dir='ltr'><strong>quibus</strong></span> <span class='ocrx_word' id='word_1_117' title='bbox 789 566 987 590; x_wconf 82' lang='lat' dir='ltr'><strong>recensentur</strong></span> <span class='ocrx_word' id='word_1_118' title='bbox 999 561 1116 589; x_wconf 84' lang='lat' dir='ltr'><strong>abusus</strong></span> <span class='ocrx_word' id='word_1_119' title='bbox 1139 559 1254 594; x_wconf 77' lang='lat' dir='ltr'><strong>mutati,</strong></span> <span class='ocrx_word' id='word_1_120' title='bbox 1276 568 1334 588; x_wconf 91' lang='lat' dir='ltr'><strong>non</strong></span> <span class='ocrx_word' id='word_1_121' title='bbox 1358 557 1456 587; x_wconf 87' lang='lat' dir='ltr'><strong>solum</strong></span> <span class='ocrx_word' id='word_1_122' title='bbox 1480 558 1642 598; x_wconf 75' lang='lat' dir='ltr'><strong>retractati,</strong></span> <span class='ocrx_word' id='word_1_123' title='bbox 1665 557 1722 586; x_wconf 84' lang='lat' dir='ltr'><strong>sed</strong></span> <span class='ocrx_word' id='word_1_124' title='bbox 1747 557 1836 586; x_wconf 86' lang='lat' dir='ltr'><strong>etiam</strong></span> <span class='ocrx_word' id='word_1_125' title='bbox 1859 556 1918 586; x_wconf 87' lang='lat' dir='ltr'><strong>alio</strong></span> <span class='ocrx_word' id='word_1_126' title='bbox 1942 556 2046 586; x_wconf 86' lang='lat' dir='ltr'><strong>ordine</strong></span> <span class='ocrx_word' id='word_1_127' title='bbox 2069 556 2128 586; x_wconf 89' lang='lat' dir='ltr'><strong>dis-</strong></span> 
     </span>
     <span class='ocr_line' id='line_1_11' title="bbox 371 598 2128 645; baseline -0.004 -10"><span class='ocrx_word' id='word_1_128' title='bbox 371 606 465 645; x_wconf 82' lang='lat' dir='ltr'><strong>positi</strong></span> <span class='ocrx_word' id='word_1_129' title='bbox 488 609 568 635; x_wconf 81' lang='lat' dir='ltr'><strong>sunt.</strong></span> <span class='ocrx_word' id='word_1_130' title='bbox 612 604 652 634; x_wconf 79' lang='lat' dir='ltr'><strong>Hi</strong></span> <span class='ocrx_word' id='word_1_131' title='bbox 681 605 759 634; x_wconf 89' lang='lat' dir='ltr'><strong>enim</strong></span> <span class='ocrx_word' id='word_1_132' title='bbox 788 605 816 633; x_wconf 86' lang='lat' dir='ltr'><strong>in</strong></span> <span class='ocrx_word' id='word_1_133' title='bbox 842 604 904 633; x_wconf 84' lang='lat' dir='ltr'><strong>iilis</strong></span> <span class='ocrx_word' id='word_1_134' title='bbox 934 604 1084 642; x_wconf 78' lang='lat' dir='ltr'><strong>prioribus</strong></span> <span class='ocrx_word' id='word_1_135' title='bbox 1111 602 1205 633; x_wconf 88' lang='lat' dir='ltr'><strong>Editt.</strong></span> <span class='ocrx_word' id='word_1_136' title='bbox 1233 601 1306 630; x_wconf 82' lang='lat' dir='ltr'><strong>Mel.</strong></span> <span class='ocrx_word' id='word_1_137' title='bbox 1341 602 1387 631; x_wconf 87' lang='lat' dir='ltr'><strong>sic</strong></span> <span class='ocrx_word' id='word_1_138' title='bbox 1421 599 1562 630; x_wconf 88' lang='lat' dir='ltr'><strong>collocati</strong></span> <span class='ocrx_word' id='word_1_139' title='bbox 1592 604 1677 630; x_wconf 85' lang='lat' dir='ltr'><strong>sunt:</strong></span> <span class='ocrx_word' id='word_1_140' title='bbox 1713 598 1733 629; x_wconf 90' lang='lat' dir='ltr'><strong>I.</strong></span> <span class='ocrx_word' id='word_1_141' title='bbox 1769 598 1818 628; x_wconf 89' lang='lat' dir='ltr'><strong>De</strong></span> <span class='ocrx_word' id='word_1_142' title='bbox 1852 604 1978 638; x_wconf 88' lang='lat' dir='ltr'><strong>utraque</strong></span> <span class='ocrx_word' id='word_1_143' title='bbox 2012 600 2128 638; x_wconf 87' lang='lat' dir='ltr'><strong>specie.</strong></span> 
     </span>
     <span class='ocr_line' id='line_1_12' title="bbox 373 641 2128 687; baseline -0.003 -10"><span class='ocrx_word' id='word_1_144' title='bbox 373 647 406 678; x_wconf 92' lang='lat' dir='ltr'><strong>II.</strong></span> <span class='ocrx_word' id='word_1_145' title='bbox 427 648 475 678; x_wconf 90' lang='lat' dir='ltr'><strong>De</strong></span> <span class='ocrx_word' id='word_1_146' title='bbox 499 647 649 687; x_wconf 82' lang='lat' dir='ltr'><strong>Coniugio</strong></span> <span class='ocrx_word' id='word_1_147' title='bbox 679 647 882 677; x_wconf 74' lang='lat' dir='ltr'><strong>sacerdotum.</strong></span> <span class='ocrx_word' id='word_1_148' title='bbox 927 645 976 677; x_wconf 92' lang='lat' dir='ltr'><strong>III.</strong></span> <span class='ocrx_word' id='word_1_149' title='bbox 998 645 1048 676; x_wconf 92' lang='lat' dir='ltr'><strong>De</strong></span> <span class='ocrx_word' id='word_1_150' title='bbox 1070 645 1178 674; x_wconf 81' lang='lat' dir='ltr'><strong>Missa.</strong></span> <span class='ocrx_word' id='word_1_151' title='bbox 1224 643 1278 674; x_wconf 91' lang='lat' dir='ltr'><strong>IV.</strong></span> <span class='ocrx_word' id='word_1_152' title='bbox 1304 643 1351 673; x_wconf 91' lang='lat' dir='ltr'><strong>De</strong></span> <span class='ocrx_word' id='word_1_153' title='bbox 1379 642 1595 673; x_wconf 74' lang='lat' dir='ltr'><strong>Confessione.</strong></span> <span class='ocrx_word' id='word_1_154' title='bbox 1642 641 1681 673; x_wconf 88' lang='lat' dir='ltr'><strong>V.</strong></span> <span class='ocrx_word' id='word_1_155' title='bbox 1706 642 1755 671; x_wconf 91' lang='lat' dir='ltr'><strong>De</strong></span> <span class='ocrx_word' id='word_1_156' title='bbox 1783 642 1957 671; x_wconf 86' lang='lat' dir='ltr'><strong>discrimine</strong></span> <span class='ocrx_word' id='word_1_157' title='bbox 1985 643 2128 672; x_wconf 89' lang='lat' dir='ltr'><strong>ciborum.</strong></span> 
     </span>
     <span class='ocr_line' id='line_1_13' title="bbox 373 685 2128 724; baseline -0.004 -3"><span class='ocrx_word' id='word_1_158' title='bbox 373 690 405 721; x_wconf 88' lang='lat' dir='ltr'><strong>ln</strong></span> <span class='ocrx_word' id='word_1_159' title='bbox 429 691 485 721; x_wconf 82' lang='lat' dir='ltr'><strong>hnc</strong></span> <span class='ocrx_word' id='word_1_160' title='bbox 509 701 580 720; x_wconf 83' lang='lat' dir='ltr'><strong>vero</strong></span> <span class='ocrx_word' id='word_1_161' title='bbox 599 691 658 721; x_wconf 89' lang='lat' dir='ltr'><strong>Ed.</strong></span> <span class='ocrx_word' id='word_1_162' title='bbox 683 700 709 720; x_wconf 87' lang='lat' dir='ltr'><strong>a.</strong></span> <span class='ocrx_word' id='word_1_163' title='bbox 734 692 824 720; x_wconf 80' lang='lat'>1540.</span> <span class='ocrx_word' id='word_1_164' title='bbox 850 699 952 719; x_wconf 92' lang='lat' dir='ltr'><strong>eorum</strong></span> <span class='ocrx_word' id='word_1_165' title='bbox 972 689 1044 718; x_wconf 85' lang='lat' dir='ltr'><strong>erdo</strong></span> <span class='ocrx_word' id='word_1_166' title='bbox 1068 691 1116 718; x_wconf 84' lang='lat' dir='ltr'><strong>est</strong></span> <span class='ocrx_word' id='word_1_167' title='bbox 1139 688 1239 717; x_wconf 82' lang='lat' dir='ltr'><strong>hicce:</strong></span> <span class='ocrx_word' id='word_1_168' title='bbox 1263 686 1285 716; x_wconf 93' lang='lat' dir='ltr'><strong>I.</strong></span> <span class='ocrx_word' id='word_1_169' title='bbox 1305 686 1352 716; x_wconf 91' lang='lat' dir='ltr'><strong>De</strong></span> <span class='ocrx_word' id='word_1_170' title='bbox 1376 686 1486 716; x_wconf 86' lang='lat' dir='ltr'><strong>Missa.</strong></span> <span class='ocrx_word' id='word_1_171' title='bbox 1531 685 1566 715; x_wconf 92' lang='lat' dir='ltr'><strong>II.</strong></span> <span class='ocrx_word' id='word_1_172' title='bbox 1587 685 1634 715; x_wconf 89' lang='lat' dir='ltr'><strong>De</strong></span> <span class='ocrx_word' id='word_1_173' title='bbox 1653 689 1779 724; x_wconf 82' lang='lat' dir='ltr'><strong>utraque</strong></span> <span class='ocrx_word' id='word_1_174' title='bbox 1803 686 1909 724; x_wconf 82' lang='lat' dir='ltr'><strong>specie</strong></span> <span class='ocrx_word' id='word_1_175' title='bbox 1938 686 2128 715; x_wconf 76' lang='lat' dir='ltr'><strong>sacramenti.</strong></span> 
     </span>
     <span class='ocr_line' id='line_1_14' title="bbox 373 727 2128 767; baseline -0.005 -3"><span class='ocrx_word' id='word_1_176' title='bbox 373 733 422 764; x_wconf 91' lang='lat' dir='ltr'><strong>III.</strong></span> <span class='ocrx_word' id='word_1_177' title='bbox 452 733 501 763; x_wconf 93' lang='lat' dir='ltr'><strong>De</strong></span> <span class='ocrx_word' id='word_1_178' title='bbox 529 733 744 763; x_wconf 77' lang='lat' dir='ltr'><strong>consessione.</strong></span> <span class='ocrx_word' id='word_1_179' title='bbox 791 732 843 762; x_wconf 91' lang='lat' dir='ltr'><strong>IV.</strong></span> <span class='ocrx_word' id='word_1_180' title='bbox 863 731 911 761; x_wconf 91' lang='lat' dir='ltr'><strong>De</strong></span> <span class='ocrx_word' id='word_1_181' title='bbox 944 732 1117 761; x_wconf 86' lang='lat' dir='ltr'><strong>discrimine</strong></span> <span class='ocrx_word' id='word_1_182' title='bbox 1152 731 1285 760; x_wconf 88' lang='lat' dir='ltr'><strong>ciborum</strong></span> <span class='ocrx_word' id='word_1_183' title='bbox 1309 734 1340 759; x_wconf 89' lang='lat' dir='ltr'><strong>et</strong></span> <span class='ocrx_word' id='word_1_184' title='bbox 1373 729 1527 759; x_wconf 72' lang='lat' dir='ltr'><strong>similibus</strong></span> <span class='ocrx_word' id='word_1_185' title='bbox 1560 728 1771 759; x_wconf 86' lang='lat' dir='ltr'><strong>traditionibus</strong></span> <span class='ocrx_word' id='word_1_186' title='bbox 1800 728 1969 767; x_wconf 82' lang='lat' dir='ltr'><strong>pontificiis.</strong></span> <span class='ocrx_word' id='word_1_187' title='bbox 2016 727 2055 759; x_wconf 89' lang='lat' dir='ltr'><strong>V.</strong></span> <span class='ocrx_word' id='word_1_188' title='bbox 2080 727 2128 757; x_wconf 92' lang='lat' dir='ltr'><strong>De</strong></span> 
     </span>
    </p>
   </div>
   <div class='ocr_carea' id='block_1_7' title="bbox 373 776 745 816">
    <p class='ocr_par' dir='ltr' id='par_1_7' title="bbox 373 776 745 816">
     <span class='ocr_line' id='line_1_15' title="bbox 373 776 745 816; baseline -0.005 -9"><span class='ocrx_word' id='word_1_189' title='bbox 373 776 524 816; x_wconf 85' lang='lat' dir='ltr'><strong>Coniugio</strong></span> <span class='ocrx_word' id='word_1_190' title='bbox 542 777 745 806; x_wconf 84' lang='lat' dir='ltr'><strong>sacerdotum.</strong></span> 
     </span>
    </p>
   </div>
   <div class='ocr_carea' id='block_1_8' title="bbox 518 885 1737 926">
    <p class='ocr_par' dir='ltr' id='par_1_8' title="bbox 518 885 1737 926">
     <span class='ocr_line' id='line_1_16' title="bbox 518 885 1737 926; baseline -0.004 -4"><span class='ocrx_word' id='word_1_191' title='bbox 518 894 546 922; x_wconf 89' lang='grc'><strong>3.</strong></span> <span class='ocrx_word' id='word_1_192' title='bbox 594 891 646 922; x_wconf 82' lang='lat' dir='ltr'><strong>De</strong></span> <span class='ocrx_word' id='word_1_193' title='bbox 668 890 947 922; x_wconf 78' lang='lat' dir='ltr'><strong>Melanthonis</strong></span> <span class='ocrx_word' id='word_1_194' title='bbox 969 889 1120 921; x_wconf 78' lang='lat' dir='ltr'><strong>Editione</strong></span> <span class='ocrx_word' id='word_1_195' title='bbox 1143 900 1174 920; x_wconf 89' lang='lat' dir='ltr'><strong>a.</strong></span> <span class='ocrx_word' id='word_1_196' title='bbox 1202 890 1421 919; x_wconf 36' lang='lat' dir='ltr'>1541v-1542.</span> <span class='ocrx_word' id='word_1_197' title='bbox 1446 891 1581 918; x_wconf 71' lang='lat' dir='ltr'><strong>octavae</strong></span> <span class='ocrx_word' id='word_1_198' title='bbox 1598 885 1737 926; x_wconf 83' lang='lat' dir='ltr'><strong>formae.</strong></span> 
     </span>
    </p>
   </div>
   <div class='ocr_carea' id='block_1_9' title="bbox 122 962 2129 1095">
    <p class='ocr_par' dir='ltr' id='par_1_9' title="bbox 122 962 2129 1095">
     <span class='ocr_line' id='line_1_17' title="bbox 277 962 2129 1008; baseline -0.003 -10"><span class='ocrx_word' id='word_1_199' title='bbox 277 967 362 998; x_wconf 85' lang='lat' dir='ltr'><strong>Illam</strong></span> <span class='ocrx_word' id='word_1_200' title='bbox 382 968 554 998; x_wconf 87' lang='lat' dir='ltr'><strong>Editionem</strong></span> <span class='ocrx_word' id='word_1_201' title='bbox 577 968 782 1008; x_wconf 83' lang='lat' dir='ltr'><strong>quaternariae</strong></span> <span class='ocrx_word' id='word_1_202' title='bbox 805 967 934 1002; x_wconf 80' lang='lat' dir='ltr'><strong>formae,</strong></span> <span class='ocrx_word' id='word_1_203' title='bbox 958 976 1037 1006; x_wconf 85' lang='lat' dir='ltr'><strong>quae</strong></span> <span class='ocrx_word' id='word_1_204' title='bbox 1059 967 1142 995; x_wconf 77' lang='lat' dir='ltr'><strong>iuter</strong></span> <span class='ocrx_word' id='word_1_205' title='bbox 1159 966 1301 994; x_wconf 81' lang='lat' dir='ltr'><strong>variatas</strong></span> <span class='ocrx_word' id='word_1_206' title='bbox 1324 965 1480 1003; x_wconf 81' lang='lat' dir='ltr'><strong>primaria</strong></span> <span class='ocrx_word' id='word_1_207' title='bbox 1508 964 1656 993; x_wconf 90' lang='lat' dir='ltr'><strong>iudicatur</strong></span> <span class='ocrx_word' id='word_1_208' title='bbox 1686 967 1788 1002; x_wconf 88' lang='lat' dir='ltr'><strong>(quam</strong></span> <span class='ocrx_word' id='word_1_209' title='bbox 1812 963 1851 993; x_wconf 90' lang='lat' dir='ltr'><strong>ob</strong></span> <span class='ocrx_word' id='word_1_210' title='bbox 1878 973 1939 992; x_wconf 87' lang='lat' dir='ltr'><strong>rem</strong></span> <span class='ocrx_word' id='word_1_211' title='bbox 1968 962 2058 1002; x_wconf 82' lang='lat' dir='ltr'><strong>vulgo</strong></span> <span class='ocrx_word' id='word_1_212' title='bbox 2083 964 2129 992; x_wconf 81' lang='lat' dir='ltr'><strong>in-</strong></span> 
     </span>
     <span class='ocr_line' id='line_1_18' title="bbox 122 1007 2129 1048; baseline -0.003 -6"><span class='ocrx_word' id='word_1_213' title='bbox 122 1013 247 1042; x_wconf 70' lang='lat' dir='ltr'><strong>variata</strong></span> <span class='ocrx_word' id='word_1_214' title='bbox 267 1013 341 1041; x_wconf 81' lang='lat' dir='ltr'><strong>anni</strong></span> <span class='ocrx_word' id='word_1_215' title='bbox 364 1014 454 1042; x_wconf 79' lang='lat'>1530.</span> <span class='ocrx_word' id='word_1_216' title='bbox 475 1016 506 1041; x_wconf 88' lang='lat' dir='ltr'><strong>et</strong></span> <span class='ocrx_word' id='word_1_217' title='bbox 530 1013 653 1041; x_wconf 83' lang='lat' dir='ltr'><strong>variata</strong></span> <span class='ocrx_word' id='word_1_218' title='bbox 678 1011 753 1040; x_wconf 74' lang='lat' dir='ltr'><strong>amri</strong></span> <span class='ocrx_word' id='word_1_219' title='bbox 784 1012 876 1040; x_wconf 83' lang='lat'>1540.</span> <span class='ocrx_word' id='word_1_220' title='bbox 899 1010 958 1039; x_wconf 85' lang='lat' dir='ltr'><strong>sibi</strong></span> <span class='ocrx_word' id='word_1_221' title='bbox 993 1011 1198 1048; x_wconf 87' lang='lat' dir='ltr'><strong>opponuntur)</strong></span> <span class='ocrx_word' id='word_1_222' title='bbox 1221 1008 1308 1037; x_wconf 79' lang='lat' dir='ltr'><strong>annis</strong></span> <span class='ocrx_word' id='word_1_223' title='bbox 1346 1007 1565 1036; x_wconf 75' lang='lat'>1541—1542.</span> <span class='ocrx_word' id='word_1_224' title='bbox 1596 1007 1763 1036; x_wconf 85' lang='lat' dir='ltr'><strong>subsecuta</strong></span> <span class='ocrx_word' id='word_1_225' title='bbox 1792 1010 1841 1036; x_wconf 82' lang='lat' dir='ltr'><strong>est</strong></span> <span class='ocrx_word' id='word_1_226' title='bbox 1875 1007 1966 1035; x_wconf 76' lang='lat' dir='ltr'><strong>tertia</strong></span> <span class='ocrx_word' id='word_1_227' title='bbox 1996 1007 2129 1040; x_wconf 75' lang='lat' dir='ltr'><strong>variata,</strong></span> 
     </span>
     <span class='ocr_line' id='line_1_19' title="bbox 123 1048 1596 1095; baseline -0.005 -10"><span class='ocrx_word' id='word_1_228' title='bbox 123 1056 237 1095; x_wconf 80' lang='lat' dir='ltr'><strong>quippe</strong></span> <span class='ocrx_word' id='word_1_229' title='bbox 265 1065 344 1094; x_wconf 84' lang='lat' dir='ltr'><strong>quae</strong></span> <span class='ocrx_word' id='word_1_230' title='bbox 367 1065 393 1085; x_wconf 82' lang='lat' dir='ltr'><strong>a.</strong></span> <span class='ocrx_word' id='word_1_231' title='bbox 422 1057 513 1085; x_wconf 82' lang='lat'>1541.</span> <span class='ocrx_word' id='word_1_232' title='bbox 537 1055 663 1095; x_wconf 76' lang='lat' dir='ltr'><strong>imprimi</strong></span> <span class='ocrx_word' id='word_1_233' title='bbox 687 1057 795 1092; x_wconf 88' lang='lat' dir='ltr'><strong>coepta</strong></span> <span class='ocrx_word' id='word_1_234' title='bbox 817 1057 909 1091; x_wconf 89' lang='lat' dir='ltr'><strong>atque</strong></span> <span class='ocrx_word' id='word_1_235' title='bbox 931 1063 957 1082; x_wconf 79' lang='lat' dir='ltr'><strong>a.</strong></span> <span class='ocrx_word' id='word_1_236' title='bbox 981 1053 1072 1082; x_wconf 71' lang='lat'>1542.</span> <span class='ocrx_word' id='word_1_237' title='bbox 1097 1051 1179 1080; x_wconf 86' lang='lat' dir='ltr'><strong>finita</strong></span> <span class='ocrx_word' id='word_1_238' title='bbox 1197 1055 1262 1091; x_wconf 79' lang='lat' dir='ltr'><strong>est,</strong></span> <span class='ocrx_word' id='word_1_239' title='bbox 1287 1060 1354 1079; x_wconf 92' lang='lat' dir='ltr'><strong>cum</strong></span> <span class='ocrx_word' id='word_1_240' title='bbox 1375 1049 1471 1078; x_wconf 82' lang='lat' dir='ltr'><strong>hocce</strong></span> <span class='ocrx_word' id='word_1_241' title='bbox 1494 1048 1596 1079; x_wconf 80' lang='lat' dir='ltr'><strong>titulo:</strong></span> 
     </span>
    </p>
   </div>
   <div class='ocr_carea' id='block_1_10' title="bbox 859 1122 1390 1183">
    <p class='ocr_par' dir='ltr' id='par_1_10' title="bbox 859 1122 1390 1183">
     <span class='ocr_line' id='line_1_20' title="bbox 859 1122 1390 1183; baseline -0.006 0"><span class='ocrx_word' id='word_1_242' title='bbox 859 1122 1390 1183; x_wconf 82' lang='lat' dir='ltr'><strong>CONFESSIO</strong></span> 
     </span>
    </p>
   </div>
   <div class='ocr_carea' id='block_1_11' title="bbox 834 1202 1413 1475">
    <p class='ocr_par' dir='ltr' id='par_1_11' title="bbox 834 1202 1413 1475">
     <span class='ocr_line' id='line_1_21' title="bbox 839 1202 1412 1236; baseline -0.01 -1"><span class='ocrx_word' id='word_1_243' title='bbox 839 1204 991 1235; x_wconf 87' lang='lat' dir='ltr'><strong>FIDEI</strong></span> <span class='ocrx_word' id='word_1_244' title='bbox 1024 1202 1304 1236; x_wconf 80' lang='lat' dir='ltr'>EXHIBITA</span> <span class='ocrx_word' id='word_1_245' title='bbox 1341 1203 1412 1233; x_wconf 68' lang='lat' dir='ltr'><strong>IN:</strong></span> 
     </span>
     <span class='ocr_line' id='line_1_22' title="bbox 834 1254 1413 1295; baseline -0.003 0"><span class='ocrx_word' id='word_1_246' title='bbox 834 1254 1007 1295; x_wconf 69' lang='lat' dir='ltr'><strong>vlc‘rlss.</strong></span> <span class='ocrx_word' id='word_1_247' title='bbox 1043 1263 1127 1295; x_wconf 80' lang='grc' dir='ltr'>ιΜΡ.</span> <span class='ocrx_word' id='word_1_248' title='bbox 1160 1262 1338 1294; x_wconf 73' lang='lat' dir='ltr'><strong>CAROLo</strong></span> <span class='ocrx_word' id='word_1_249' title='bbox 1374 1263 1413 1294; x_wconf 92' lang='lat' dir='ltr'><strong>v.</strong></span> 
     </span>
     <span class='ocr_line' id='line_1_23' title="bbox 888 1323 1366 1366; baseline -0.002 -10"><span class='ocrx_word' id='word_1_250' title='bbox 888 1323 1027 1364; x_wconf 76' lang='lat' dir='ltr'><strong>Caesari</strong></span> <span class='ocrx_word' id='word_1_251' title='bbox 1047 1326 1129 1366; x_wconf 76' lang='lat' dir='ltr'><strong>Any.</strong></span> <span class='ocrx_word' id='word_1_252' title='bbox 1153 1325 1184 1355; x_wconf 75' lang='lat' dir='ltr'><strong>iu</strong></span> <span class='ocrx_word' id='word_1_253' title='bbox 1215 1323 1366 1364; x_wconf 64' lang='lat' dir='ltr'><strong>Comz&#39;chjS</strong></span> 
     </span>
     <span class='ocr_line' id='line_1_24' title="bbox 971 1383 1283 1415; baseline -0.01 0"><span class='ocrx_word' id='word_1_254' title='bbox 971 1386 1001 1415; x_wconf 82' lang='lat' dir='ltr'>A</span> <span class='ocrx_word' id='word_1_255' title='bbox 1014 1384 1045 1415; x_wconf 85' lang='lat' dir='ltr'>V</span> <span class='ocrx_word' id='word_1_256' title='bbox 1058 1384 1086 1414; x_wconf 92' lang='lat' dir='ltr'>G</span> <span class='ocrx_word' id='word_1_257' title='bbox 1098 1383 1129 1415; x_wconf 93' lang='lat' dir='ltr'>V</span> <span class='ocrx_word' id='word_1_258' title='bbox 1141 1384 1165 1413; x_wconf 90' lang='lat' dir='ltr'><strong>S</strong></span> <span class='ocrx_word' id='word_1_259' title='bbox 1178 1383 1204 1413; x_wconf 89' lang='lat' dir='ltr'>T</span> <span class='ocrx_word' id='word_1_260' title='bbox 1215 1384 1283 1414; x_wconf 77' lang='grc' dir='ltr'><strong>ΛΕ.</strong></span> 
     </span>
     <span class='ocr_line' id='line_1_25' title="bbox 870 1443 1381 1475; baseline -0.002 0"><span class='ocrx_word' id='word_1_261' title='bbox 870 1444 1038 1475; x_wconf 83' lang='lat' dir='ltr'><strong>ANNO</strong></span> <span class='ocrx_word' id='word_1_262' title='bbox 1078 1444 1120 1474; x_wconf 88' lang='grc' dir='ltr'><strong>Μ.</strong></span> <span class='ocrx_word' id='word_1_263' title='bbox 1166 1443 1204 1474; x_wconf 91' lang='lat' dir='ltr'><strong>D.</strong></span> <span class='ocrx_word' id='word_1_264' title='bbox 1249 1444 1381 1474; x_wconf 90' lang='lat' dir='ltr'><strong>XXX.</strong></span> 
     </span>
    </p>
   </div>
   <div class='ocr_carea' id='block_1_12' title="bbox 812 1562 1439 1667">
    <p class='ocr_par' dir='ltr' id='par_1_12' title="bbox 812 1562 1439 1667">
     <span class='ocr_line' id='line_1_26' title="bbox 812 1562 1439 1606; baseline -0.003 -10"><span class='ocrx_word' id='word_1_265' title='bbox 812 1566 939 1596; x_wconf 81' lang='lat' dir='ltr'><strong>Addita</strong></span> <span class='ocrx_word' id='word_1_266' title='bbox 961 1563 1010 1604; x_wconf 79' lang='lat' dir='ltr'><strong>eft</strong></span> <span class='ocrx_word' id='word_1_267' title='bbox 1030 1565 1194 1606; x_wconf 72' lang='lat' dir='ltr'><strong>Apoloyr‘a</strong></span> <span class='ocrx_word' id='word_1_268' title='bbox 1217 1562 1439 1604; x_wconf 75' lang='lat' dir='ltr'><strong>Confessz&#39;om&#39;s</strong></span> 
     </span>
     <span class='ocr_line' id='line_1_27' title="bbox 939 1626 1313 1667; baseline -0.003 -11"><span class='ocrx_word' id='word_1_269' title='bbox 939 1626 1110 1667; x_wconf 67' lang='lat' dir='ltr'><strong>diligenter</strong></span> <span class='ocrx_word' id='word_1_270' title='bbox 1136 1626 1313 1666; x_wconf 74' lang='lat' dir='ltr'><strong>recoynila.</strong></span> 
     </span>
    </p>
   </div>
   <div class='ocr_carea' id='block_1_13' title="bbox 841 1696 1414 1919">
    <p class='ocr_par' dir='ltr' id='par_1_13' title="bbox 841 1696 1414 1919">
     <span class='ocr_line' id='line_1_28' title="bbox 1012 1696 1231 1737; baseline -0.005 -8"><span class='ocrx_word' id='word_1_271' title='bbox 1012 1696 1130 1737; x_wconf 86' lang='lat' dir='ltr'><strong>Psalm.</strong></span> <span class='ocrx_word' id='word_1_272' title='bbox 1164 1700 1231 1728; x_wconf 86' lang='lat'>119.</span> 
     </span>
     <span class='ocr_line' id='line_1_29' title="bbox 841 1756 1414 1799; baseline -0.002 -9"><span class='ocrx_word' id='word_1_273' title='bbox 841 1759 880 1790; x_wconf 82' lang='lat' dir='ltr'><strong>Et</strong></span> <span class='ocrx_word' id='word_1_274' title='bbox 909 1759 1065 1799; x_wconf 76' lang='lat' dir='ltr'><strong>loquebar</strong></span> <span class='ocrx_word' id='word_1_275' title='bbox 1087 1759 1128 1790; x_wconf 81' lang='lat' dir='ltr'><strong>de</strong></span> <span class='ocrx_word' id='word_1_276' title='bbox 1150 1756 1339 1798; x_wconf 49' lang='lat' dir='ltr'><strong>testimoniis</strong></span> <span class='ocrx_word' id='word_1_277' title='bbox 1351 1759 1414 1789; x_wconf 77' lang='lat' dir='ltr'><strong>tuis</strong></span> 
     </span>
     <span class='ocr_line' id='line_1_30' title="bbox 842 1819 1407 1860; baseline 0 -11"><span class='ocrx_word' id='word_1_278' title='bbox 842 1821 873 1849; x_wconf 80' lang='grc' dir='ltr'><strong>ιἰι</strong></span> <span class='ocrx_word' id='word_1_279' title='bbox 911 1819 1080 1859; x_wconf 78' lang='lat' dir='ltr'><strong>conspectu</strong></span> <span class='ocrx_word' id='word_1_280' title='bbox 1116 1819 1248 1860; x_wconf 75' lang='lat' dir='ltr'><strong>Reyum,</strong></span> <span class='ocrx_word' id='word_1_281' title='bbox 1283 1823 1313 1849; x_wconf 81' lang='lat' dir='ltr'><strong>et</strong></span> <span class='ocrx_word' id='word_1_282' title='bbox 1345 1828 1407 1849; x_wconf 80' lang='lat' dir='ltr'><strong>non</strong></span> 
     </span>
     <span class='ocr_line' id='line_1_31' title="bbox 1008 1877 1240 1919; baseline -0.013 -9"><span class='ocrx_word' id='word_1_283' title='bbox 1008 1877 1240 1919; x_wconf 16' lang='lat' dir='ltr'><strong>confundebar.</strong></span> 
     </span>
    </p>
   </div>
   <div class='ocr_carea' id='block_1_14' title="bbox 123 1941 2127 2330">
    <p class='ocr_par' dir='ltr' id='par_1_14' title="bbox 123 1941 2127 2330">
     <span class='ocr_line' id='line_1_32' title="bbox 123 1941 2126 1983; baseline 0 -12"><span class='ocrx_word' id='word_1_284' title='bbox 123 1941 182 1972; x_wconf 79' lang='lat' dir='ltr'><strong>Hic</strong></span> <span class='ocrx_word' id='word_1_285' title='bbox 214 1941 320 1971; x_wconf 86' lang='lat' dir='ltr'><strong>titulus</strong></span> <span class='ocrx_word' id='word_1_286' title='bbox 356 1946 405 1971; x_wconf 86' lang='lat' dir='ltr'><strong>est</strong></span> <span class='ocrx_word' id='word_1_287' title='bbox 434 1943 508 1972; x_wconf 82' lang='lat' dir='ltr'><strong>intra</strong></span> <span class='ocrx_word' id='word_1_288' title='bbox 536 1942 730 1982; x_wconf 72' lang='lat' dir='ltr'><strong>propylaeum</strong></span> <span class='ocrx_word' id='word_1_289' title='bbox 764 1943 845 1983; x_wconf 87' lang='lat' dir='ltr'><strong>ligno</strong></span> <span class='ocrx_word' id='word_1_290' title='bbox 879 1945 1023 1979; x_wconf 86' lang='lat' dir='ltr'><strong>incisum,</strong></span> <span class='ocrx_word' id='word_1_291' title='bbox 1053 1944 1133 1983; x_wconf 86' lang='lat' dir='ltr'><strong>quod</strong></span> <span class='ocrx_word' id='word_1_292' title='bbox 1168 1945 1196 1973; x_wconf 94' lang='lat' dir='ltr'><strong>in</strong></span> <span class='ocrx_word' id='word_1_293' title='bbox 1230 1943 1335 1973; x_wconf 79' lang='lat' dir='ltr'><strong>dextra</strong></span> <span class='ocrx_word' id='word_1_294' title='bbox 1363 1948 1392 1973; x_wconf 91' lang='lat' dir='ltr'><strong>et</strong></span> <span class='ocrx_word' id='word_1_295' title='bbox 1425 1944 1549 1974; x_wconf 82' lang='lat' dir='ltr'><strong>sinistra</strong></span> <span class='ocrx_word' id='word_1_296' title='bbox 1581 1948 1665 1982; x_wconf 86' lang='lat' dir='ltr'><strong>parte</strong></span> <span class='ocrx_word' id='word_1_297' title='bbox 1699 1943 1836 1982; x_wconf 79' lang='lat' dir='ltr'><strong>singulas</strong></span> <span class='ocrx_word' id='word_1_298' title='bbox 1865 1943 2022 1973; x_wconf 86' lang='lat' dir='ltr'><strong>columnas</strong></span> <span class='ocrx_word' id='word_1_299' title='bbox 2058 1953 2126 1983; x_wconf 82' lang='lat' dir='ltr'><strong>qua-</strong></span> 
     </span>
     <span class='ocr_line' id='line_1_33' title="bbox 123 1984 2127 2027; baseline 0.001 -13"><span class='ocrx_word' id='word_1_300' title='bbox 123 1985 224 2015; x_wconf 85' lang='lat' dir='ltr'><strong>dratas</strong></span> <span class='ocrx_word' id='word_1_301' title='bbox 258 1984 364 2020; x_wconf 84' lang='lat' dir='ltr'><strong>habet,</strong></span> <span class='ocrx_word' id='word_1_302' title='bbox 395 1986 423 2015; x_wconf 90' lang='lat' dir='ltr'><strong>in</strong></span> <span class='ocrx_word' id='word_1_303' title='bbox 458 1987 568 2025; x_wconf 76' lang='lat' dir='ltr'><strong>quibus</strong></span> <span class='ocrx_word' id='word_1_304' title='bbox 602 1991 663 2016; x_wconf 83' lang='lat' dir='ltr'><strong>stat</strong></span> <span class='ocrx_word' id='word_1_305' title='bbox 692 1988 735 2016; x_wconf 88' lang='lat' dir='ltr'><strong>vir</strong></span> <span class='ocrx_word' id='word_1_306' title='bbox 765 1987 862 2017; x_wconf 90' lang='lat' dir='ltr'><strong>nudus</strong></span> <span class='ocrx_word' id='word_1_307' title='bbox 894 1987 986 2017; x_wconf 72' lang='lat' dir='ltr'><strong>altera</strong></span> <span class='ocrx_word' id='word_1_308' title='bbox 1010 1998 1098 2016; x_wconf 83' lang='lat' dir='ltr'><strong>manu</strong></span> <span class='ocrx_word' id='word_1_309' title='bbox 1116 1988 1267 2026; x_wconf 83' lang='lat' dir='ltr'><strong>sagittam,</strong></span> <span class='ocrx_word' id='word_1_310' title='bbox 1291 1986 1383 2016; x_wconf 88' lang='lat' dir='ltr'><strong>altera</strong></span> <span class='ocrx_word' id='word_1_311' title='bbox 1412 1987 1551 2027; x_wconf 84' lang='lat' dir='ltr'><strong>clypeum</strong></span> <span class='ocrx_word' id='word_1_312' title='bbox 1581 1991 1699 2017; x_wconf 81' lang='lat' dir='ltr'><strong>tenens.</strong></span> <span class='ocrx_word' id='word_1_313' title='bbox 1745 1986 1776 2016; x_wconf 92' lang='lat' dir='ltr'><strong>In</strong></span> <span class='ocrx_word' id='word_1_314' title='bbox 1807 1987 1910 2016; x_wconf 84' lang='lat' dir='ltr'><strong>dextro</strong></span> <span class='ocrx_word' id='word_1_315' title='bbox 1941 1986 2050 2026; x_wconf 82' lang='lat' dir='ltr'><strong>clypeo</strong></span> <span class='ocrx_word' id='word_1_316' title='bbox 2077 1990 2127 2017; x_wconf 84' lang='lat' dir='ltr'><strong>est</strong></span> 
     </span>
     <span class='ocr_line' id='line_1_34' title="bbox 123 2026 2126 2070; baseline 0 -12"><span class='ocrx_word' id='word_1_317' title='bbox 123 2026 331 2059; x_wconf 81' lang='lat' dir='ltr'><strong>Melanthonis</strong></span> <span class='ocrx_word' id='word_1_318' title='bbox 354 2027 490 2068; x_wconf 85' lang='lat' dir='ltr'><strong>insigne:</strong></span> <span class='ocrx_word' id='word_1_319' title='bbox 515 2030 635 2067; x_wconf 75' lang='lat' dir='ltr'><strong>Anguis</strong></span> <span class='ocrx_word' id='word_1_320' title='bbox 657 2030 794 2060; x_wconf 82' lang='lat' dir='ltr'><strong>aheneus</strong></span> <span class='ocrx_word' id='word_1_321' title='bbox 815 2041 931 2060; x_wconf 86' lang='lat' dir='ltr'><strong>crucem</strong></span> <span class='ocrx_word' id='word_1_322' title='bbox 956 2030 1198 2070; x_wconf 80' lang='lat' dir='ltr'><strong>circumplicnns‚</strong></span> <span class='ocrx_word' id='word_1_323' title='bbox 1223 2031 1251 2059; x_wconf 92' lang='lat' dir='ltr'><strong>in</strong></span> <span class='ocrx_word' id='word_1_324' title='bbox 1274 2031 1395 2060; x_wconf 80' lang='lat' dir='ltr'><strong>sinistro</strong></span> <span class='ocrx_word' id='word_1_325' title='bbox 1423 2030 1548 2060; x_wconf 74' lang='lat' dir='ltr'><strong>Lutheri</strong></span> <span class='ocrx_word' id='word_1_326' title='bbox 1573 2029 1709 2070; x_wconf 76' lang='lat' dir='ltr'><strong>Insigne:</strong></span> <span class='ocrx_word' id='word_1_327' title='bbox 1741 2029 1827 2059; x_wconf 71' lang='lat' dir='ltr'><strong>Rosa</strong></span> <span class='ocrx_word' id='word_1_328' title='bbox 1860 2029 1942 2063; x_wconf 84' lang='lat' dir='ltr'><strong>alba.</strong></span> <span class='ocrx_word' id='word_1_329' title='bbox 1979 2031 2007 2060; x_wconf 92' lang='lat' dir='ltr'><strong>in</strong></span> <span class='ocrx_word' id='word_1_330' title='bbox 2039 2030 2126 2059; x_wconf 80' lang='lat' dir='ltr'><strong>cuius</strong></span> 
     </span>
     <span class='ocr_line' id='line_1_35' title="bbox 124 2071 2126 2113; baseline 0.001 -13"><span class='ocrx_word' id='word_1_331' title='bbox 124 2071 214 2100; x_wconf 89' lang='lat' dir='ltr'><strong>corde</strong></span> <span class='ocrx_word' id='word_1_332' title='bbox 245 2075 294 2100; x_wconf 88' lang='lat' dir='ltr'><strong>est</strong></span> <span class='ocrx_word' id='word_1_333' title='bbox 321 2081 406 2102; x_wconf 90' lang='lat' dir='ltr'><strong>crux.</strong></span> <span class='ocrx_word' id='word_1_334' title='bbox 452 2071 528 2102; x_wconf 80' lang='lat' dir='ltr'><strong>Infra</strong></span> <span class='ocrx_word' id='word_1_335' title='bbox 560 2072 676 2103; x_wconf 82' lang='lat' dir='ltr'><strong>titulum</strong></span> <span class='ocrx_word' id='word_1_336' title='bbox 707 2078 786 2103; x_wconf 80' lang='lat' dir='ltr'><strong>stant</strong></span> <span class='ocrx_word' id='word_1_337' title='bbox 817 2074 876 2103; x_wconf 88' lang='lat' dir='ltr'><strong>duo</strong></span> <span class='ocrx_word' id='word_1_338' title='bbox 907 2074 960 2103; x_wconf 76' lang='lat' dir='ltr'><strong>viri</strong></span> <span class='ocrx_word' id='word_1_339' title='bbox 986 2074 1072 2106; x_wconf 79' lang='lat' dir='ltr'><strong>nudi.</strong></span> <span class='ocrx_word' id='word_1_340' title='bbox 1101 2073 1195 2103; x_wconf 71' lang='lat' dir='ltr'><strong>altera</strong></span> <span class='ocrx_word' id='word_1_341' title='bbox 1226 2084 1314 2104; x_wconf 86' lang='lat' dir='ltr'><strong>manu</strong></span> <span class='ocrx_word' id='word_1_342' title='bbox 1351 2073 1481 2108; x_wconf 75' lang='lat' dir='ltr'><strong>clavam,</strong></span> <span class='ocrx_word' id='word_1_343' title='bbox 1516 2073 1611 2103; x_wconf 76' lang='lat' dir='ltr'><strong>altera</strong></span> <span class='ocrx_word' id='word_1_344' title='bbox 1637 2073 1776 2113; x_wconf 85' lang='lat' dir='ltr'><strong>clypeum</strong></span> <span class='ocrx_word' id='word_1_345' title='bbox 1802 2075 1876 2103; x_wconf 81' lang='lat' dir='ltr'><strong>intra</strong></span> <span class='ocrx_word' id='word_1_346' title='bbox 1906 2083 1961 2102; x_wconf 86' lang='lat' dir='ltr'><strong>eos</strong></span> <span class='ocrx_word' id='word_1_347' title='bbox 1993 2074 2126 2113; x_wconf 89' lang='lat' dir='ltr'><strong>positum</strong></span> 
     </span>
     <span class='ocr_line' id='line_1_36' title="bbox 123 2114 2127 2156; baseline 0.001 -13"><span class='ocrx_word' id='word_1_348' title='bbox 123 2118 281 2149; x_wconf 87' lang='lat' dir='ltr'><strong>tenentes,</strong></span> <span class='ocrx_word' id='word_1_349' title='bbox 305 2114 334 2143; x_wconf 87' lang='lat' dir='ltr'><strong>in</strong></span> <span class='ocrx_word' id='word_1_350' title='bbox 359 2125 418 2153; x_wconf 89' lang='lat' dir='ltr'><strong>quo</strong></span> <span class='ocrx_word' id='word_1_351' title='bbox 447 2120 495 2145; x_wconf 86' lang='lat' dir='ltr'><strong>est</strong></span> <span class='ocrx_word' id='word_1_352' title='bbox 523 2114 644 2155; x_wconf 75' lang='lat' dir='ltr'><strong>Insigne</strong></span> <span class='ocrx_word' id='word_1_353' title='bbox 665 2116 814 2146; x_wconf 76' lang='lat' dir='ltr'><strong>Electoris</strong></span> <span class='ocrx_word' id='word_1_354' title='bbox 843 2118 994 2147; x_wconf 79' lang='lat' dir='ltr'><strong>Saxonici.</strong></span> <span class='ocrx_word' id='word_1_355' title='bbox 1041 2116 1138 2145; x_wconf 81' lang='lat' dir='ltr'><strong>Huius</strong></span> <span class='ocrx_word' id='word_1_356' title='bbox 1167 2116 1244 2147; x_wconf 84' lang='lat' dir='ltr'><strong>tituli</strong></span> <span class='ocrx_word' id='word_1_357' title='bbox 1273 2127 1342 2156; x_wconf 84' lang='lat' dir='ltr'><strong>pars</strong></span> <span class='ocrx_word' id='word_1_358' title='bbox 1373 2118 1491 2156; x_wconf 83' lang='lat' dir='ltr'><strong>postica</strong></span> <span class='ocrx_word' id='word_1_359' title='bbox 1520 2117 1589 2146; x_wconf 85' lang='lat' dir='ltr'><strong>alba</strong></span> <span class='ocrx_word' id='word_1_360' title='bbox 1618 2121 1679 2146; x_wconf 71' lang='lat' dir='ltr'><strong>es&#39;t.</strong></span> <span class='ocrx_word' id='word_1_361' title='bbox 1710 2136 1741 2139; x_wconf 93' lang='lat'>—</span> <span class='ocrx_word' id='word_1_362' title='bbox 1777 2116 1860 2146; x_wconf 81' lang='lat' dir='ltr'><strong>Haec</strong></span> <span class='ocrx_word' id='word_1_363' title='bbox 1884 2115 1985 2146; x_wconf 87' lang='lat' dir='ltr'><strong>Editio</strong></span> <span class='ocrx_word' id='word_1_364' title='bbox 2014 2116 2127 2146; x_wconf 78' lang='lat' dir='ltr'><strong>formae</strong></span> 
     </span>
     <span class='ocr_line' id='line_1_37' title="bbox 125 2157 2126 2202; baseline 0.001 -16"><span class='ocrx_word' id='word_1_365' title='bbox 125 2161 251 2187; x_wconf 83' lang='lat' dir='ltr'><strong>octavae</strong></span> <span class='ocrx_word' id='word_1_366' title='bbox 264 2158 386 2187; x_wconf 69' lang='lat' dir='ltr'><strong>minoris</strong></span> <span class='ocrx_word' id='word_1_367' title='bbox 399 2160 530 2188; x_wconf 89' lang='lat' dir='ltr'><strong>continet</strong></span> <span class='ocrx_word' id='word_1_368' title='bbox 545 2162 606 2202; x_wconf 45' lang='grc' dir='ltr'><strong>311ῖ</strong></span> <span class='ocrx_word' id='word_1_369' title='bbox 625 2159 774 2199; x_wconf 79' lang='lat' dir='ltr'><strong>plagulas,</strong></span> <span class='ocrx_word' id='word_1_370' title='bbox 799 2170 922 2199; x_wconf 83' lang='lat' dir='ltr'><strong>quarum</strong></span> <span class='ocrx_word' id='word_1_371' title='bbox 948 2165 964 2190; x_wconf 73' lang='grc' dir='ltr'>ὅ</span> <span class='ocrx_word' id='word_1_372' title='bbox 988 2161 1103 2199; x_wconf 73' lang='lat' dir='ltr'><strong>priores</strong></span> <span class='ocrx_word' id='word_1_373' title='bbox 1128 2159 1236 2190; x_wconf 70' lang='lat' dir='ltr'><strong>litteris</strong></span> <span class='ocrx_word' id='word_1_374' title='bbox 1255 2160 1336 2189; x_wconf 38' lang='lat' dir='ltr'><strong>av—h</strong></span> <span class='ocrx_word' id='word_1_375' title='bbox 1360 2163 1513 2199; x_wconf 79' lang='lat' dir='ltr'><strong>signatae,</strong></span> <span class='ocrx_word' id='word_1_376' title='bbox 1540 2163 1578 2190; x_wconf 82' lang='grc'><strong>64</strong></span> <span class='ocrx_word' id='word_1_377' title='bbox 1603 2160 1667 2190; x_wconf 83' lang='lat' dir='ltr'><strong>foll.</strong></span> <span class='ocrx_word' id='word_1_378' title='bbox 1690 2170 1748 2189; x_wconf 94' lang='lat' dir='ltr'><strong>uon</strong></span> <span class='ocrx_word' id='word_1_379' title='bbox 1773 2170 1869 2193; x_wconf 55' lang='lat' dir='ltr'><strong>num„</strong></span> <span class='ocrx_word' id='word_1_380' title='bbox 1889 2157 2126 2189; x_wconf 78' lang='lat' dir='ltr'><strong>consessionem</strong></span> 
     </span>
     <span class='ocr_line' id='line_1_38' title="bbox 123 2199 2125 2250; baseline 0.001 -21"><span class='ocrx_word' id='word_1_381' title='bbox 123 2199 245 2250; x_wconf 74' lang='lat' dir='ltr'><strong>latinam</strong></span> <span class='ocrx_word' id='word_1_382' title='bbox 266 2200 422 2236; x_wconf 80' lang='lat' dir='ltr'><strong>exhibent,</strong></span> <span class='ocrx_word' id='word_1_383' title='bbox 447 2212 524 2240; x_wconf 82' lang='lat' dir='ltr'><strong>quae</strong></span> <span class='ocrx_word' id='word_1_384' title='bbox 544 2202 595 2232; x_wconf 84' lang='lat' dir='ltr'><strong>soi.</strong></span> <span class='ocrx_word' id='word_1_385' title='bbox 616 2202 633 2231; x_wconf 88' lang='lat' dir='ltr'><strong>h</strong></span> <span class='ocrx_word' id='word_1_386' title='bbox 655 2208 687 2231; x_wconf 57' lang='grc' dir='ltr'><strong>κ’</strong></span> <span class='ocrx_word' id='word_1_387' title='bbox 710 2204 823 2238; x_wconf 84' lang='lat' dir='ltr'><strong>finitur,</strong></span> <span class='ocrx_word' id='word_1_388' title='bbox 844 2203 894 2233; x_wconf 79' lang='lat' dir='ltr'><strong>sol.</strong></span> <span class='ocrx_word' id='word_1_389' title='bbox 922 2203 939 2232; x_wconf 89' lang='lat' dir='ltr'><strong>h</strong></span> <span class='ocrx_word' id='word_1_390' title='bbox 971 2205 1003 2230; x_wconf 55' lang='grc' dir='ltr'><strong>κ’*</strong></span> <span class='ocrx_word' id='word_1_391' title='bbox 1031 2204 1161 2233; x_wconf 84' lang='lat' dir='ltr'><strong>continet</strong></span> <span class='ocrx_word' id='word_1_392' title='bbox 1186 2204 1307 2243; x_wconf 79' lang='lat' dir='ltr'><strong>Insigne</strong></span> <span class='ocrx_word' id='word_1_393' title='bbox 1326 2203 1478 2233; x_wconf 86' lang='lat' dir='ltr'><strong>Electoris</strong></span> <span class='ocrx_word' id='word_1_394' title='bbox 1498 2204 1658 2244; x_wconf 73' lang='lat' dir='ltr'><strong>saxonici,</strong></span> <span class='ocrx_word' id='word_1_395' title='bbox 1682 2203 1754 2232; x_wconf 81' lang='lat' dir='ltr'><strong>infra</strong></span> <span class='ocrx_word' id='word_1_396' title='bbox 1774 2203 1855 2242; x_wconf 90' lang='lat' dir='ltr'><strong>quod</strong></span> <span class='ocrx_word' id='word_1_397' title='bbox 1879 2202 1953 2231; x_wconf 85' lang='lat' dir='ltr'><strong>haec</strong></span> <span class='ocrx_word' id='word_1_398' title='bbox 1973 2202 2125 2241; x_wconf 77' lang='lat' dir='ltr'><strong>leguntur:</strong></span> 
     </span>
     <span class='ocr_line' id='line_1_39' title="bbox 126 2242 2123 2286; baseline 0.002 -14"><span class='ocrx_word' id='word_1_399' title='bbox 126 2242 319 2274; x_wconf 64' lang='lat' dir='ltr'><strong>..ERRATA</strong></span> <span class='ocrx_word' id='word_1_400' title='bbox 343 2245 388 2272; x_wconf 81' lang='lat' dir='ltr'><strong>sic</strong></span> <span class='ocrx_word' id='word_1_401' title='bbox 410 2246 532 2283; x_wconf 52' lang='lat' dir='ltr'><strong>ror-rifle</strong></span> <span class='ocrx_word' id='word_1_402' title='bbox 554 2247 586 2274; x_wconf 83' lang='lat' dir='ltr'><strong>in</strong></span> <span class='ocrx_word' id='word_1_403' title='bbox 605 2246 698 2275; x_wconf 67' lang='lat' dir='ltr'><strong>litera</strong></span> <span class='ocrx_word' id='word_1_404' title='bbox 712 2247 737 2284; x_wconf 84' lang='lat' dir='ltr'><strong>f.</strong></span> <span class='ocrx_word' id='word_1_405' title='bbox 759 2251 764 2286; x_wconf 79' lang='grc' dir='ltr'>Ι</span> <span class='ocrx_word' id='word_1_406' title='bbox 806 2249 853 2276; x_wconf 88' lang='grc'><strong>16.</strong></span> <span class='ocrx_word' id='word_1_407' title='bbox 878 2246 960 2284; x_wconf 70' lang='grc' dir='ltr'><em>Ραῃ.</em></span> <span class='ocrx_word' id='word_1_408' title='bbox 986 2256 1075 2275; x_wconf 71' lang='lat' dir='ltr'><strong>uersu</strong></span> <span class='ocrx_word' id='word_1_409' title='bbox 1098 2248 1144 2276; x_wconf 85' lang='lat'><strong>18.</strong></span> <span class='ocrx_word' id='word_1_410' title='bbox 1175 2245 1256 2284; x_wconf 74' lang='lat' dir='ltr'><strong>leye,</strong></span> <span class='ocrx_word' id='word_1_411' title='bbox 1283 2246 1373 2276; x_wconf 78' lang='lat' dir='ltr'><strong>habet</strong></span> <span class='ocrx_word' id='word_1_412' title='bbox 1397 2247 1532 2285; x_wconf 79' lang='lat' dir='ltr'><strong>obscuri,</strong></span> <span class='ocrx_word' id='word_1_413' title='bbox 1561 2248 1659 2286; x_wconf 82' lang='lat' dir='ltr'><strong>pieta-</strong></span> <span class='ocrx_word' id='word_1_414' title='bbox 1680 2250 1684 2285; x_wconf 70' lang='grc'><strong>1</strong></span> <span class='ocrx_word' id='word_1_415' title='bbox 1704 2248 1730 2276; x_wconf 80' lang='lat' dir='ltr'><strong>ti</strong></span> <span class='ocrx_word' id='word_1_416' title='bbox 1758 2250 1786 2276; x_wconf 77' lang='lat' dir='ltr'><strong>et</strong></span> <span class='ocrx_word' id='word_1_417' title='bbox 1811 2246 1946 2275; x_wconf 74' lang='lat' dir='ltr'><strong>bonitati</strong></span> <span class='ocrx_word' id='word_1_418' title='bbox 1973 2250 2044 2275; x_wconf 76' lang='lat' dir='ltr'><strong>tuae</strong></span> <span class='ocrx_word' id='word_1_419' title='bbox 2068 2248 2123 2276; x_wconf 75' lang='lat' dir='ltr'><strong>etc.</strong></span> 
     </span>
     <span class='ocr_line' id='line_1_40' title="bbox 123 2284 2126 2330; baseline 0.001 -15"><span class='ocrx_word' id='word_1_420' title='bbox 123 2284 249 2316; x_wconf 71' lang='lat' dir='ltr'><strong>Deinde</strong></span> <span class='ocrx_word' id='word_1_421' title='bbox 271 2285 383 2316; x_wconf 79' lang='lat' dir='ltr'><strong>deletis</strong></span> <span class='ocrx_word' id='word_1_422' title='bbox 405 2287 453 2315; x_wconf 71' lang='lat' dir='ltr'><strong>lais</strong></span> <span class='ocrx_word' id='word_1_423' title='bbox 473 2288 586 2327; x_wconf 75' lang='lat' dir='ltr'><strong>uerbis,</strong></span> <span class='ocrx_word' id='word_1_424' title='bbox 608 2291 612 2330; x_wconf 79' lang='grc' dir='ltr'>Ι</span> <span class='ocrx_word' id='word_1_425' title='bbox 632 2288 675 2319; x_wconf 80' lang='lat' dir='ltr'><strong>Et</strong></span> <span class='ocrx_word' id='word_1_426' title='bbox 693 2300 743 2319; x_wconf 81' lang='lat' dir='ltr'><strong>res</strong></span> <span class='ocrx_word' id='word_1_427' title='bbox 762 2293 828 2319; x_wconf 78' lang='lat' dir='ltr'><strong>tota</strong></span> <span class='ocrx_word' id='word_1_428' title='bbox 849 2291 956 2328; x_wconf 73' lang='lat' dir='ltr'><strong>posita</strong></span> <span class='ocrx_word' id='word_1_429' title='bbox 975 2291 1007 2318; x_wconf 78' lang='lat' dir='ltr'><strong>in</strong></span> <span class='ocrx_word' id='word_1_430' title='bbox 1031 2289 1162 2318; x_wconf 79' lang='lat' dir='ltr'><strong>arbitrio</strong></span> <span class='ocrx_word' id='word_1_431' title='bbox 1181 2300 1282 2319; x_wconf 77' lang='lat' dir='ltr'><strong>eorum</strong></span> <span class='ocrx_word' id='word_1_432' title='bbox 1295 2292 1348 2330; x_wconf 80' lang='lat' dir='ltr'><strong>qui</strong></span> <span class='ocrx_word' id='word_1_433' title='bbox 1361 2294 1521 2329; x_wconf 76' lang='lat' dir='ltr'><strong>praesunt,</strong></span> <span class='ocrx_word' id='word_1_434' title='bbox 1541 2295 1544 2324; x_wconf 63' lang='grc'><strong>1</strong></span> <span class='ocrx_word' id='word_1_435' title='bbox 1567 2291 1655 2319; x_wconf 76' lang='lat' dir='ltr'><strong>Nam.</strong></span> <span class='ocrx_word' id='word_1_436' title='bbox 1677 2289 1752 2328; x_wconf 73' lang='lat' dir='ltr'><strong>(eye.</strong></span> <span class='ocrx_word' id='word_1_437' title='bbox 1777 2289 1856 2318; x_wconf 81' lang='lat' dir='ltr'><strong>Nam</strong></span> <span class='ocrx_word' id='word_1_438' title='bbox 1874 2290 2020 2318; x_wconf 71' lang='lat' dir='ltr'><strong>iniustam</strong></span> <span class='ocrx_word' id='word_1_439' title='bbox 2032 2289 2126 2327; x_wconf 76' lang='lat' dir='ltr'><strong>leyem</strong></span> 
     </span>
    </p>
   </div>
   <div class='ocr_carea' id='block_1_15' title="bbox 223 2374 449 2379">
    <p class='ocr_par' dir='ltr' id='par_1_15' title="bbox 223 2374 449 2379">
     <span class='ocr_line' id='line_1_41' title="bbox 223 2374 449 2379; baseline 0 0"><span class='ocrx_word' id='word_1_440' title='bbox 223 2374 449 2379; x_wconf 95' lang='lat' dir='ltr'><strong> </strong></span> 
     </span>
    </p>
   </div>
   <div class='ocr_carea' id='block_1_16' title="bbox 234 2432 2125 2604">
    <p class='ocr_par' dir='ltr' id='par_1_16' title="bbox 234 2432 2125 2604">
     <span class='ocr_line' id='line_1_42' title="bbox 234 2432 2125 2474; baseline 0.001 -16"><span class='ocrx_word' id='word_1_441' title='bbox 234 2432 259 2463; x_wconf 75' lang='lat'><strong>⁸)</strong></span> <span class='ocrx_word' id='word_1_442' title='bbox 278 2433 346 2473; x_wconf 78' lang='lat' dir='ltr'><strong>Haec</strong></span> <span class='ocrx_word' id='word_1_443' title='bbox 364 2434 422 2460; x_wconf 81' lang='lat' dir='ltr'><strong>Ed..</strong></span> <span class='ocrx_word' id='word_1_444' title='bbox 441 2440 505 2474; x_wconf 74' lang='lat' dir='ltr'><strong>uuae</strong></span> <span class='ocrx_word' id='word_1_445' title='bbox 526 2435 550 2459; x_wconf 90' lang='lat' dir='ltr'><strong>in</strong></span> <span class='ocrx_word' id='word_1_446' title='bbox 570 2436 633 2460; x_wconf 83' lang='lat' dir='ltr'><strong>meis</strong></span> <span class='ocrx_word' id='word_1_447' title='bbox 653 2435 723 2460; x_wconf 82' lang='lat' dir='ltr'><strong>libris</strong></span> <span class='ocrx_word' id='word_1_448' title='bbox 741 2441 795 2461; x_wconf 73' lang='lat' dir='ltr'><strong>esi.</strong></span> <span class='ocrx_word' id='word_1_449' title='bbox 815 2440 965 2460; x_wconf 77' lang='lat' dir='ltr'><strong>recensetur</strong></span> <span class='ocrx_word' id='word_1_450' title='bbox 978 2442 991 2460; x_wconf 85' lang='lat' dir='ltr'><strong>a</strong></span> <span class='ocrx_word' id='word_1_451' title='bbox 1010 2435 1184 2461; x_wconf 80' lang='lat' dir='ltr'><strong>Feuerlino</strong></span> <span class='ocrx_word' id='word_1_452' title='bbox 1204 2437 1219 2461; x_wconf 91' lang='grc' dir='ltr'><strong>Ι.</strong></span> <span class='ocrx_word' id='word_1_453' title='bbox 1240 2437 1257 2461; x_wconf 91' lang='lat'><strong>1.</strong></span> <span class='ocrx_word' id='word_1_454' title='bbox 1275 2436 1294 2462; x_wconf 90' lang='grc' dir='ltr'><strong>Ι.</strong></span> <span class='ocrx_word' id='word_1_455' title='bbox 1316 2442 1338 2467; x_wconf 85' lang='lat' dir='ltr'><strong>p.</strong></span> <span class='ocrx_word' id='word_1_456' title='bbox 1357 2438 1397 2461; x_wconf 78' lang='grc'><strong>46.</strong></span> <span class='ocrx_word' id='word_1_457' title='bbox 1419 2436 1505 2461; x_wconf 79' lang='lat' dir='ltr'><strong>addito</strong></span> <span class='ocrx_word' id='word_1_458' title='bbox 1524 2437 1600 2461; x_wconf 80' lang='lat' dir='ltr'><strong>hocce</strong></span> <span class='ocrx_word' id='word_1_459' title='bbox 1620 2436 1722 2460; x_wconf 75' lang='lat' dir='ltr'><strong>iudicio:</strong></span> <span class='ocrx_word' id='word_1_460' title='bbox 1742 2436 1827 2462; x_wconf 70' lang='lat' dir='ltr'><strong>..Haec</strong></span> <span class='ocrx_word' id='word_1_461' title='bbox 1846 2439 1885 2461; x_wconf 77' lang='lat' dir='ltr'><strong>est</strong></span> <span class='ocrx_word' id='word_1_462' title='bbox 1903 2436 1945 2460; x_wconf 78' lang='lat' dir='ltr'><strong>illa</strong></span> <span class='ocrx_word' id='word_1_463' title='bbox 1965 2435 2125 2466; x_wconf 73' lang='lat' dir='ltr'><strong>editio.quae</strong></span> 
     </span>
     <span class='ocr_line' id='line_1_43' title="bbox 280 2469 2125 2500; baseline 0.001 -8"><span class='ocrx_word' id='word_1_464' title='bbox 280 2473 388 2493; x_wconf 72' lang='lat' dir='ltr'><strong>maxime</strong></span> <span class='ocrx_word' id='word_1_465' title='bbox 408 2471 523 2495; x_wconf 74' lang='lat' dir='ltr'><strong>vurmla</strong></span> <span class='ocrx_word' id='word_1_466' title='bbox 541 2469 588 2494; x_wconf 84' lang='lat' dir='ltr'><strong>dici</strong></span> <span class='ocrx_word' id='word_1_467' title='bbox 607 2470 685 2498; x_wconf 74' lang='lat' dir='ltr'><strong>solet.</strong></span> <span class='ocrx_word' id='word_1_468' title='bbox 705 2473 729 2494; x_wconf 78' lang='lat' dir='ltr'><strong>et</strong></span> <span class='ocrx_word' id='word_1_469' title='bbox 749 2471 788 2495; x_wconf 78' lang='lat' dir='ltr'><strong>cui</strong></span> <span class='ocrx_word' id='word_1_470' title='bbox 807 2475 861 2495; x_wconf 82' lang='lat' dir='ltr'><strong>non</strong></span> <span class='ocrx_word' id='word_1_471' title='bbox 881 2470 996 2495; x_wconf 76' lang='lat' dir='ltr'><strong>ruriam</strong></span> <span class='ocrx_word' id='word_1_472' title='bbox 1015 2471 1157 2499; x_wconf 66' lang='lat' dir='ltr'><strong>opponitur.</strong></span> <span class='ocrx_word' id='word_1_473' title='bbox 1194 2471 1274 2500; x_wconf 68' lang='lat' dir='ltr'><strong>Dunio</strong></span> <span class='ocrx_word' id='word_1_474' title='bbox 1293 2472 1414 2496; x_wconf 83' lang='lat' dir='ltr'><strong>maiorem</strong></span> <span class='ocrx_word' id='word_1_475' title='bbox 1435 2477 1492 2496; x_wconf 63' lang='lat' dir='ltr'><strong>esse</strong></span> <span class='ocrx_word' id='word_1_476' title='bbox 1513 2477 1562 2495; x_wconf 88' lang='lat' dir='ltr'><strong>non</strong></span> <span class='ocrx_word' id='word_1_477' title='bbox 1581 2471 1689 2497; x_wconf 71' lang='lat' dir='ltr'><strong>variata.</strong></span> <span class='ocrx_word' id='word_1_478' title='bbox 1715 2476 1838 2495; x_wconf 83' lang='lat' dir='ltr'><strong>numerus</strong></span> <span class='ocrx_word' id='word_1_479' title='bbox 1862 2471 2011 2500; x_wconf 63' lang='lat' dir='ltr'><strong>paginarum</strong></span> <span class='ocrx_word' id='word_1_480' title='bbox 2032 2470 2125 2495; x_wconf 79' lang='lat' dir='ltr'><strong>utrius-</strong></span> 
     </span>
     <span class='ocr_line' id='line_1_44' title="bbox 279 2503 2124 2535; baseline 0.001 -8"><span class='ocrx_word' id='word_1_481' title='bbox 279 2508 328 2533; x_wconf 82' lang='lat' dir='ltr'><strong>que</strong></span> <span class='ocrx_word' id='word_1_482' title='bbox 346 2503 370 2527; x_wconf 81' lang='lat' dir='ltr'><strong>in</strong></span> <span class='ocrx_word' id='word_1_483' title='bbox 390 2503 513 2533; x_wconf 58' lang='lat' dir='ltr'><strong>operibus</strong></span> <span class='ocrx_word' id='word_1_484' title='bbox 532 2504 729 2529; x_wconf 69' lang='lat' dir='ltr'><strong>Melantruhonis</strong></span> <span class='ocrx_word' id='word_1_485' title='bbox 748 2505 892 2529; x_wconf 53' lang='lat' dir='ltr'><strong>lumlenzer</strong></span> <span class='ocrx_word' id='word_1_486' title='bbox 910 2505 1034 2532; x_wconf 65' lang='lat' dir='ltr'><strong>ostendit:</strong></span> <span class='ocrx_word' id='word_1_487' title='bbox 1055 2505 1200 2535; x_wconf 53' lang='lat' dir='ltr'><strong>transpositi</strong></span> <span class='ocrx_word' id='word_1_488' title='bbox 1220 2506 1259 2530; x_wconf 79' lang='lat' dir='ltr'><strong>hic</strong></span> <span class='ocrx_word' id='word_1_489' title='bbox 1273 2508 1333 2530; x_wconf 80' lang='lat' dir='ltr'><strong>sunt</strong></span> <span class='ocrx_word' id='word_1_490' title='bbox 1347 2506 1467 2530; x_wconf 50' lang='lat' dir='ltr'><strong>araxim</strong></span> <span class='ocrx_word' id='word_1_491' title='bbox 1483 2506 1536 2530; x_wconf 73' lang='lat' dir='ltr'><strong>xn:</strong></span> <span class='ocrx_word' id='word_1_492' title='bbox 1556 2505 1579 2529; x_wconf 81' lang='lat' dir='ltr'><strong>in</strong></span> <span class='ocrx_word' id='word_1_493' title='bbox 1599 2508 1644 2529; x_wconf 81' lang='lat' dir='ltr'><strong>art.</strong></span> <span class='ocrx_word' id='word_1_494' title='bbox 1663 2505 1680 2529; x_wconf 71' lang='grc' dir='ltr'><strong>Χ</strong></span> <span class='ocrx_word' id='word_1_495' title='bbox 1695 2506 1790 2530; x_wconf 69' lang='lat' dir='ltr'><strong>omissa</strong></span> <span class='ocrx_word' id='word_1_496' title='bbox 1810 2507 1869 2530; x_wconf 78' lang='lat' dir='ltr'><strong>sunt</strong></span> <span class='ocrx_word' id='word_1_497' title='bbox 1887 2505 1976 2529; x_wconf 64' lang='lat' dir='ltr'><strong>verbu:</strong></span> <span class='ocrx_word' id='word_1_498' title='bbox 1994 2511 2058 2529; x_wconf 80' lang='lat' dir='ltr'><strong>vere</strong></span> <span class='ocrx_word' id='word_1_499' title='bbox 2076 2503 2124 2529; x_wconf 78' lang='lat' dir='ltr'><strong>ad-</strong></span> 
     </span>
     <span class='ocr_line' id='line_1_45' title="bbox 278 2538 2125 2576; baseline 0.001 -15"><span class='ocrx_word' id='word_1_500' title='bbox 278 2539 357 2567; x_wconf 79' lang='lat' dir='ltr'><strong>sunt,</strong></span> <span class='ocrx_word' id='word_1_501' title='bbox 377 2539 404 2576; x_wconf 67' lang='lat' dir='ltr'><strong>e!</strong></span> <span class='ocrx_word' id='word_1_502' title='bbox 422 2538 581 2568; x_wconf 78' lang='lat' dir='ltr'><strong>improbant</strong></span> <span class='ocrx_word' id='word_1_503' title='bbox 599 2544 680 2564; x_wconf 77' lang='lat' dir='ltr'><strong>secus</strong></span> <span class='ocrx_word' id='word_1_504' title='bbox 697 2538 836 2565; x_wconf 74' lang='lat' dir='ltr'><strong>docentes.</strong></span> <span class='ocrx_word' id='word_1_505' title='bbox 874 2540 959 2564; x_wconf 71' lang='lat' dir='ltr'><strong>Mutati</strong></span> <span class='ocrx_word' id='word_1_506' title='bbox 978 2540 1054 2563; x_wconf 77' lang='lat' dir='ltr'><strong>etiam</strong></span> <span class='ocrx_word' id='word_1_507' title='bbox 1075 2542 1134 2564; x_wconf 82' lang='lat' dir='ltr'><strong>sunt</strong></span> <span class='ocrx_word' id='word_1_508' title='bbox 1153 2543 1198 2564; x_wconf 71' lang='lat' dir='ltr'><strong>art.</strong></span> <span class='ocrx_word' id='word_1_509' title='bbox 1218 2540 1289 2565; x_wconf 71' lang='lat' dir='ltr'><strong>xvm</strong></span> <span class='ocrx_word' id='word_1_510' title='bbox 1308 2544 1333 2565; x_wconf 82' lang='lat' dir='ltr'><strong>et</strong></span> <span class='ocrx_word' id='word_1_511' title='bbox 1356 2541 1374 2564; x_wconf 85' lang='lat' dir='ltr'>v</span> <span class='ocrx_word' id='word_1_512' title='bbox 1400 2540 1423 2564; x_wconf 79' lang='lat' dir='ltr'><strong>in</strong></span> <span class='ocrx_word' id='word_1_513' title='bbox 1449 2541 1556 2567; x_wconf 53' lang='lat' dir='ltr'><strong>arntiam</strong></span> <span class='ocrx_word' id='word_1_514' title='bbox 1581 2540 1785 2569; x_wconf 50' lang='lat' dir='ltr'><strong>syrici-{istarum</strong></span> <span class='ocrx_word' id='word_1_515' title='bbox 1815 2542 1838 2564; x_wconf 83' lang='lat' dir='ltr'><strong>et</strong></span> <span class='ocrx_word' id='word_1_516' title='bbox 1865 2540 2061 2564; x_wconf 74' lang='lat' dir='ltr'><strong>Aminonuorum.</strong></span> <span class='ocrx_word' id='word_1_517' title='bbox 2099 2539 2125 2563; x_wconf 75' lang='lat' dir='ltr'><strong>tu</strong></span> 
     </span>
     <span class='ocr_line' id='line_1_46' title="bbox 278 2571 2022 2604; baseline 0.002 -8"><span class='ocrx_word' id='word_1_518' title='bbox 278 2571 438 2597; x_wconf 74' lang='lat' dir='ltr'><strong>Praefatione</strong></span> <span class='ocrx_word' id='word_1_519' title='bbox 457 2575 542 2597; x_wconf 76' lang='lat' dir='ltr'><strong>tamen</strong></span> <span class='ocrx_word' id='word_1_520' title='bbox 562 2573 625 2598; x_wconf 80' lang='lat' dir='ltr'><strong>haec</strong></span> <span class='ocrx_word' id='word_1_521' title='bbox 644 2573 734 2602; x_wconf 79' lang='lat' dir='ltr'><strong>editio,</strong></span> <span class='ocrx_word' id='word_1_522' title='bbox 752 2579 834 2604; x_wconf 82' lang='lat' dir='ltr'><strong>aeque</strong></span> <span class='ocrx_word' id='word_1_523' title='bbox 854 2580 883 2598; x_wconf 83' lang='lat' dir='ltr'><strong>ac</strong></span> <span class='ocrx_word' id='word_1_524' title='bbox 903 2575 1078 2603; x_wconf 70' lang='lat' dir='ltr'><strong>uagenoeusis</strong></span> <span class='ocrx_word' id='word_1_525' title='bbox 1097 2577 1123 2598; x_wconf 82' lang='lat' dir='ltr'><strong>et</strong></span> <span class='ocrx_word' id='word_1_526' title='bbox 1141 2576 1301 2604; x_wconf 70' lang='lat' dir='ltr'><strong>Augustam.</strong></span> <span class='ocrx_word' id='word_1_527' title='bbox 1320 2576 1412 2600; x_wconf 76' lang='lat' dir='ltr'><strong>retinet</strong></span> <span class='ocrx_word' id='word_1_528' title='bbox 1431 2578 1556 2599; x_wconf 80' lang='lat' dir='ltr'><strong>semestre</strong></span> <span class='ocrx_word' id='word_1_529' title='bbox 1576 2580 1608 2599; x_wconf 79' lang='lat' dir='ltr'><strong>ex</strong></span> <span class='ocrx_word' id='word_1_530' title='bbox 1625 2573 1736 2598; x_wconf 73' lang='lat' dir='ltr'><strong>editione</strong></span> <span class='ocrx_word' id='word_1_531' title='bbox 1756 2574 1857 2599; x_wconf 78' lang='lat' dir='ltr'><strong>Wineb.</strong></span> <span class='ocrx_word' id='word_1_532' title='bbox 1882 2575 1941 2599; x_wconf 77' lang='lat'>153¹</span> <span class='ocrx_word' id='word_1_533' title='bbox 1953 2593 1960 2600; x_wconf 91' lang='lat'><strong>.</strong></span> <span class='ocrx_word' id='word_1_534' title='bbox 1980 2574 2022 2599; x_wconf 54' lang='grc'><strong>83·</strong></span> 
     </span>
    </p>
   </div>
  </div>
 </body>
</html>
