2324 2944
173 195 217 228 23
620 189 732 223 PfflL.
755 188 860 222 MEL.
883 186 1066 221 SCRIPTA
1089 182 1356 218 DOGMATICA
1379 181 1436 213 ET
1457 180 1728 214 SYMBOLICA.
2141 179 2186 212 24

176 296 255 323 cunt
284 287 448 321 videndae
475 295 637 323 caussae,
668 295 728 317 cur
755 287 910 326 parentes
941 283 1073 323 cupiant
1105 289 1154 310 re-

176 333 283 365 scindi
307 336 523 363 contractum.

332 431 392 464 DE
414 428 756 462 TRADITIONIBUS
778 426 990 459 HUMANtS.

264 501 330 532 lam
357 500 424 531 hoc
438 501 481 532 ⁷³)
511 505 678 540 postremo
707 496 783 528 loco
811 494 1000 531 tractando,
1030 501 1148 534 magna

178 555 258 588 pars
288 544 556 575 concionatorum
579 540 751 582 plurimum
782 537 947 571 collocant
977 534 1149 575 temporis,

179 598 277 631 quum
310 585 374 617 loci
407 585 646 626 poenitentiae,
680 583 825 619 timoris,
860 579 953 616 fidei,
987 579 1149 609 bonorum

179 640 326 672 operum,
351 628 556 659 obedientiae
575 636 655 668 erga
674 625 898 667 magistratus,
920 620 1022 652 multo
1041 619 1150 661 magis

179 672 359 705 necessarii
383 671 445 701 sint
470 670 511 701 ad
534 668 765 700 instituendam
784 664 1020 698 conscientiam
1039 669 1070 694 et
1083 672 1152 693 mo-

179 726 247 753 res,
269 725 365 755 quam
389 712 471 744 haec
495 712 670 752 disputatio
689 711 729 741 de
748 708 975 740 traditionibus
987 704 1151 737 humanis.

179 758 221 789 Et
242 756 340 799 plane
363 765 449 787 nunc
472 761 522 786 est
545 765 663 785 novum
683 762 788 795 genus
807 749 928 783 caloris
946 759 1072 787 eorum,
1097 748 1152 790 qui

179 799 349 832 clamitant
381 796 493 830 scelus
525 807 617 834 esse,
652 796 790 826 haerere
824 791 973 829 cuculla,
1006 797 1152 823 autnon

179 843 276 875 edere
310 840 390 873 seria
424 845 520 871 sexta
555 847 682 869 carnes.
697 839 740 875 ⁷⁴)
786 836 838 868 De
867 836 986 867 timore
1016 834 1078 865 Dei
1107 834 1152 865 in-

180 887 275 917 terim
298 882 376 915 nibil
399 883 520 913 dicunt.
555 880 635 911 Tum
653 880 737 911 enim
757 879 831 921 quid
850 877 991 916 aliu‹1⁷⁵)
1015 876 1153 916 faciunt,

179 938 275 969 quam
300 926 386 957 ‹uod
409 926 453 956 ait
476 923 644 954 Christus:
680 922 830 953 Glutiunt
856 919 1018 953 camelum
1041 926 1074 952 et
1097 931 1153 952 co-

178 970 246 1001 lant
270 939 415 1000 culicem.
461 965 640 1006 Propterea
670 975 789 996 moneo
813 964 1089 1002 concionatores,
1118 968 1154 995 nt

178 1011 280 1054 vulgo
303 1017 391 1041 recte
414 1010 454 1040 de
478 1008 542 1040 hoc
566 1007 642 1040 loco
666 1009 778 1039 dicant
800 1013 833 1039 et
856 1013 962 1039 caute.
997 1006 1154 1038 Tractent

178 1065 217 1087 ea
239 1054 364 1095 potius,
394 1062 477 1093 quae
506 1051 548 1082 ad
571 1051 835 1083 aedificationem
864 1049 1006 1088 faciunt,
1033 1059 1154 1091 nempe

176 1097 365 1139 superiores
379 1094 485 1126 locos.
519 1095 625 1125 Nimia
643 1095 726 1126 enim
750 1094 926 1126 insectatio
942 1093 1152 1124 traditionum

176 1140 360 1177 hominum,
376 1140 419 1177 76)
443 1137 520 1180 quid
544 1135 624 1169 sacit
646 1137 746 1172 aliud,
770 1147 868 1179 quam
890 1142 926 1168 ut
949 1134 1072 1178 vulgus
1095 1135 1152 1167 ad-

176 1188 310 1215 suescat
333 1181 374 1212 ad
397 1182 539 1212 omnium
562 1179 672 1223 legum
691 1180 908 1211 humanarum
922 1185 954 1210 et
965 1179 1151 1210 divinarum

176 1231 408 1264 contemptum,
430 1223 505 1255 Non
528 1224 613 1254 enim
633 1223 793 1255 discernit
816 1221 937 1265 vulgus
961 1222 1042 1253 satis
1065 1222 1151 1252 inter

175 1269 304 1301 divinas
327 1273 358 1298 et
381 1265 542 1298 humanas
566 1265 670 1308 leges.
706 1266 818 1308 ltaque
837 1265 902 1297 hoc
926 1274 1034 1309 genus
1053 1274 1150 1296 scan-

175 1310 242 1344 dali
266 1319 390 1342 summe
413 1309 595 1341 cavendum
620 1315 671 1341 est
693 1309 901 1340 docentibus.

260 1353 484 1385 'traditionum
507 1351 592 1384 aliae
615 1351 788 1383 manifeste
810 1351 1016 1392 praecipiunt
1034 1355 1152 1382 contra

175 1397 285 1429 divina
308 1403 501 1437 praecepta,
533 1403 564 1426 et
587 1406 653 1427 non
677 1401 753 1427 sunt
776 1394 977 1431 servandae,
1006 1393 1082 1434 quia
1105 1393 1152 1424 di-

177 1446 254 1472 cunt
276 1437 428 1480 Apostoli
453 1438 568 1470 Actor.
587 1438 618 1470 5.
663 1439 804 1479 Oportet
831 1436 906 1469 Deo
935 1437 1041 1478 magis
1071 1436 1151 1468 obe-

176 1483 258 1521 dite,
282 1493 379 1524 quam
399 1481 595 1513 hominibus.
630 1480 824 1512 Huiusmodi
848 1486 925 1512 sunt
943 1479 1151 1511 nundinatio-

176 1535 237 1558 nes
259 1525 450 1561 Missurum,
472 1531 507 1556 ut
531 1536 604 1557 cum
623 1523 748 1555 Missae
772 1523 927 1565 leguntur
950 1529 1075 1554 tantum
1099 1532 1152 1564 pe-

176 1569 294 1600 cuniae
316 1578 436 1599 caussa
459 1578 520 1608 pro
544 1566 718 1599 defunctis.
775 1567 880 1598 Missa
910 1567 995 1597 enim
1026 1571 1077 1597 est
1106 1566 1152 1596 in-

177 1613 361 1650 stituta‚⁷⁷)
395 1617 430 1642 ut
465 1617 556 1642 esset
590 1616 831 1642 sacramentum
867 1620 926 1641 seu
961 1606 1152 1640 memoriale

177 1655 337 1691 vivorum,
361 1655 401 1685 ad
425 1654 644 1685 exercendam
662 1663 774 1685 eornm
795 1652 902 1684 fidem.
935 1651 1056 1683 Mortui
1071 1662 1152 1683 vero

177 1696 267 1730 nnllo
287 1707 385 1739 opere
404 1704 544 1738 possunt
569 1706 725 1728 exercere
739 1695 833 1728 tidem
846 1706 950 1727 suam.
986 1695 1044 1726 Sic
1056 1695 1152 1726 etiam

177 1747 228 1772 est
258 1741 388 1771 traditio
417 1740 457 1770 de
487 1738 672 1778 coelibatu,
706 1740 782 1781 quia
811 1744 938 1781 pugnat
963 1748 1036 1769 cum
1062 1737 1154 1777 loco,

177 1784 230 1815 ubi
255 1782 377 1814 Paulus
400 1784 458 1814 ait:
483 1782 599 1814 Melius
623 1789 674 1814 est
697 1783 834 1820 nubere,
857 1792 956 1823 quam
981 1782 1039 1812 uri.
1088 1779 1152 1812 Co-

177 1827 223 1870 git
247 1827 330 1857 enim
355 1827 485 1857 traditio
509 1825 566 1857 illa
589 1837 661 1863 eos,
684 1826 738 1868 qui
762 1831 919 1863 uruntur,
943 1825 984 1856 ad
1009 1834 1153 1865 peccan-

178 1871 265 1901 dum.
309 1868 455 1900 Uruntur
477 1875 584 1900 autem
607 1867 665 1907 illi,
690 1869 744 1911 qui
767 1867 858 1900 nullo
881 1868 979 1900 modo
1009 1874 1154 1909 possunt

179 1913 355 1944 continere.
372 1914 413 1950 7Β)

264 1955 432 1990 Secundo,
455 1955 616 1997 quaedam
645 1955 837 1986 traditiones
861 1959 938 1986 sunt
968 1954 1009 1986 de
1033 1954 1147 1985 mediis

177 1999 288 2030 rebus.
334 1998 386 2029 De
410 1997 459 2029 liis
482 1999 526 2029 ita
550 1999 702 2036 doceant,
727 2009 790 2029 non
815 2008 873 2029 eas
898 2007 975 2029 csse
994 2007 1149 2029 necessa·

179 2042 244 2073 rias
268 2043 307 2072 ad
340 2041 615 2077 iustificationcm„
639 2042 724 2072 sicut
749 2041 901 2073 Christus
926 2041 987 2072 ait:
1012 2041 1149 2072 Frustra

178 2084 290 2115 colunt
312 2095 364 2115 mc
383 2085 544 2115 mandatis
568 2084 741 2116 hominum,
782 2085 848 2116 Sed
872 2085 956 2116 inter
978 2083 1040 2115 has
1061 2094 1156 2125 quae-

180 2129 252 2158 dam
276 2134 350 2158 sunt
370 2126 467 2159 utiles
489 2128 530 2158 nd
556 2138 670 2169 pacem
694 2126 870 2163 ecclesiae..
893 2134 925 2159 ut
958 2127 1153 2159 observatio
1180 2128 1183 2131 '

180 2171 373 2207 dominicae,
397 2178 454 2201 aut
476 2170 611 2202 al‘arum
638 2169 808 2209 set-iarum,
843 2171 1005 2207 pascatis,
1038 2171 1155 2201 Pente·

180 2220 304 2252 costes,
327 2213 453 2245 Natalis·
476 2220 531 2246 aut
555 2212 717 2246 similium..
754 2215 894 2256 Oportet
917 2220 1040 2246 certum
1065 2214 1153 2245 diem

183 2361 226 2390 73)
246 2360 297 2384 tm·
318 2360 377 2391 hnc}
399 2360 444 2386 Ed.
464 2362 486 2385 2.
507 2361 534 2384 ln
553 2361 601 2385 hoc

182 2413 227 2442 74)
248 2412 278 2435 Et
299 2414 372 2444 plano·
393 2421 457 2436 nunc
478 2418 514 2435 ost
535 2427 564 2431 —
586 2413 697 2445 earne-„tl
718 2414 742 2436 t'n
762 2413 809 2436 Ed.
829 2414 852 2438 2.
871 2414 959 2437 onim
979 2417 1041 2438 nunt.

181 2463 227 2492 75)
247 2465 310 2487 Tum
331 2473 396 2488 onim
417 2467 478 2496 qnid
499 2466 579 2497 aliud}
603 2466 647 2489 Ed.
669 2468 693 2489 '1⁴
714 2465 760 2490 Isti
780 2465 841 2496 qnid
860 2466 930 2489 alind

183 2516 229 2547 76)
247 2516 398 2547 bominum}
422 2517 468 2541 lid⁴
490 2519 511 2541 2,
533 2518 710 2546 hum-mmm,

182 2568 228 2600 77)
248 2569 399 2596 “inat-nm,
422 2575 448 2591 ut
473 2577 528 2591 cnm
550 2583 577 2586 —
599 2569 736 2601 innutrita}
767 2569 813 2594 Fal.
834 2570 857 2594 ².
883 2568 1035 2599 Missurum,
1055 2568 1152 2594 Minae

252 2612 296 2635 pro
317 2606 443 2627 deinum·
490 2604 553 2627 Nam
575 2604 653 2628 Mus·
672 2610 709 2627 nt
728 2607 851 2633 mantnt..

183 2655 229 2681 7⁸)
250 2655 361 2679 l'mntnr
382 2662 465 2679 antem
494 2670 514 2673 —
537 2656 690 2687 continerer}
712 2657 736 2679 t'n
756 2657 802 2681 Ed.
824 2657 847 2680 ’3.
866 2657 955 2681 onim
973 2661 1036 2681 Μ.

1203 275 1329 319 populo
1353 276 1519 314 constitui,
1543 286 1610 318 quo
1634 275 1810 307 conveniat
1831 273 1873 304 ad
1894 273 2101 311 discendum,
2123 282 2186 305 nec

1204 318 1307 351 semel
1332 325 1402 350 tota
1424 319 1563 351 historia
1585 316 1791 360 Evangelica
1814 316 1898 347 tradi
1922 321 2044 357 potest.
2073 315 2186 352 Quare

1204 362 1270 394 alia
1300 360 1373 393 aliis
1402 362 1520 394 diebus
1548 361 1700 399 traditur,
1729 359 1793 392 alia
1819 358 2023 397 Pascati,⁷⁹)
2057 357 2122 391 alia
2150 360 2185 392 in

1205 405 1418 443 Pentecoste,
1439 404 1504 436 alia
1526 405 1559 436 in
1579 403 1690 435 Natali
1709 404 1880 436 docentur.
1911 401 1964 433 Ad
1981 400 2071 434 bunc
2088 412 2187 435 usum

1205 446 1290 480 tales
1323 448 1519 480 traditiones
1553 447 1739 479 servandae
1774 451 1870 483 sunt,
1912 445 1989 486 quia
2022 446 2186 487 praecipit

1206 490 1345 522 Paulus:
1380 490 1499 522 Omnia
1533 489 1614 522 fiant
1641 491 1673 521 in
1708 489 1853 522 ecclesia
1888 497 1963 520 cum
1992 488 2126 520 decore.
2137 490 2186 526 8θ)

1203 533 1266 565 Est
1287 534 1374 566 enim
1386 535 1432 572 ³¹)
1456 533 1622 571 confusio,
1645 534 1673 564 si
1696 543 1762 564 non
1776 531 2034 564 constitueretur
2046 533 2093 570 ⁸¹)
2115 541 2186 563 eer-

1204 582 1258 608 tus
1283 577 1354 608 dies
1378 575 1587 614 multitudini,
1609 587 1674 617 quo
1699 575 1960 611 conveniret-³¹)
1990 573 2187 606 Huiusmodi

1205 619 1302 651 etiam
1326 619 1489 651 ordinatio
1513 619 1711 651 concionum
1736 624 1796 650 est.
1842 616 1944 648 Esset
1962 617 2047 649 enim
2072 615 2187 649 consuss

1204 663 1269 701 sio,
1293 663 1322 694 si
1341 672 1435 693 suam
1459 662 1601 704 quisque
1624 662 1818 694 concionem
1842 658 2039 699 faceret,⁸‘·’)
2063 668 2096 693 et
2118 670 2185 693 non

1204 710 1329 737 certam
1353 703 1496 747 aliquam
1516 703 1714 736 cantilenam
1738 713 1853 736 omnes
1877 709 2048 735 canerent.

1290 748 1347 779 Sic
1369 749 1468 790 igitur
1490 747 1555 779 hae
1582 748 1777 779 traditiones
1796 752 1873 778 sunt
1896 746 2095 785 servandae,
2118 755 2186 779 non

1203 796 1360 833 tanquam
1384 791 1597 822 necessariae
1618 791 1660 822 ad
1684 790 1963 828 iusfificadonem,
1987 794 2065 821 sunt
2077 794 2185 821 tamen

1203 833 1302 865 utiles
1325 834 1367 866 ad
1391 843 1526 874 pacem,
1558 832 1600 864 Et
1621 833 1718 865 sicuti
1741 833 1842 876 longa
1871 839 1983 871 veste,
2017 842 2083 863 non
2106 830 2187 864 mili·

1205 877 1279 914 tari,
1303 877 1465 908 sacerdos
1489 874 1594 907 libere
1616 877 1730 914 utitur,
1753 882 1785 908 et
1809 875 1884 914 alia,
1908 873 1975 907 alio
1999 874 2117 907 labore
2132 874 2187 907 vel

1204 920 1352 962 negotio,
1374 920 1422 951 uti
1444 924 1565 960 potest.
1601 918 1637 950 Si
1661 919 1735 960 quis
1759 924 2020 962 argumentatur,
2044 924 2188 960 potesta-

1205 964 1293 995 tibus
1317 972 1394 994 esse
1423 961 1658 1000 obediendum,
1693 967 1726 993 et
1752 967 1951 1004 potestatem
1980 962 2187 1003 praecipere,

1205 1015 1321 1038 omnes
1342 1005 1535 1037 traditiones
1559 1003 1700 1036 servari.
1735 1003 1833 1042 ltem,
1862 1004 1973 1045 Supra
1996 1005 2188 1037 cathedram

1204 1049 1293 1081 Mosi
1328 1049 1487 1080 sederunt
1521 1048 1672 1085 scribae,
1717 1046 1874 1089 quicquid
1908 1047 2040 1086 dicunt,
2075 1046 2186 1080 facite.

1205 1091 1422 1134 Respondeo:
1447 1090 1677 1123 obediendum
1700 1097 1752 1122 est
1775 1090 1945 1132 potestati,
1968 1090 2028 1121 sed
2045 1090 2075 1121 si
2093 1100 2189 1131 prae·

1205 1136 1305 1177 cipiat
1328 1134 1441 1166 facere
1464 1140 1580 1165 contra
1603 1139 1785 1175 praecepta
1809 1132 1891 1171 Dei,
1922 1132 1986 1164 iam
2009 1131 2086 1165 Deo
2111 1131 2189 1175 plus

1205 1178 1428 1210 obediendum
1444 1183 1506 1216 est,
1529 1182 1561 1208 et
1583 1175 1737 1208 Christus
1752 1175 1849 1207 iussit
1875 1175 2189 1217 pseudoprophetas

1205 1222 1312 1254 vitari.
1371 1221 1476 1252 Porro
1517 1229 1633 1251 omnes
1674 1219 1887 1256 traditiones,
1927 1218 2025 1250 etiam
2047 1219 2189 1258 mediae,

1205 1270 1283 1296 sunt
1304 1270 1423 1296 contra
1440 1261 1661 1305 Evangelion,
1684 1262 1817 1304 quando
1836 1261 2015 1303 exiguntur
2033 1267 2190 1304 tanquam

1205 1307 1269 1339 Dei
1299 1312 1479 1348 praecepta
1507 1305 1702 1338 necessaria
1730 1305 1774 1336 ad
1797 1304 2084 1343 iustificatiouem,
2113 1305 2192 1347 quia

1204 1348 1329 1382 Paulus
1363 1349 1426 1381 ait:
1462 1348 1568 1380 Nemo
1592 1358 1654 1380 nos
1677 1348 1798 1379 iudicet
1828 1347 1861 1378 in
1894 1347 1989 1385 cibo,
2019 1353 2076 1379 aut
2109 1352 2191 1388 potu

1205 1399 1269 1424 etc.
1316 1391 1407 1432 Item,
1431 1397 1533 1423 vocat
1557 1391 1729 1423 doctrinas
1753 1389 2014 1422 daemoniorum.
2065 1389 2192 1428 ⁸⁸)Sed

1205 1442 1314 1467 tamen
1340 1445 1414 1466 cum
1438 1435 1668 1466 existimentur
1685 1433 1911 1468 necessariae,
1935 1432 2112 1465 videndum
2125 1438 2192 1473 est,

1229 1478 1296 1510 uod
1319 1477 1473 1510 Christus
1498 1477 1558 1515 ait,
1593 1477 1635 1508 Et
1658 1475 1783 1508 Paulus
1813 1473 1916 1508 noluit
1951 1476 2191 1508 circumcidere

1205 1521 1324 1560 'litum‚
1350 1531 1424 1553 cum
1444 1521 1654 1553 circumcisio
1676 1525 1835 1562 tanquam
1854 1519 2050 1551 necessaria
2081 1520 2190 1563 exige-

1205 1571 1306 1597 retur.
1320 1566 1367 1602 ⁸³)
1411 1565 1475 1597 Sed
1506 1565 1538 1595 in
1567 1562 1734 1595 violandis
1762 1563 1994 1594 traditionibus
2023 1562 2192 1601 servanda

1207 1614 1258 1640 est
1270 1608 1465 1645 moderatio,
1487 1617 1530 1639 ne
1544 1605 1923 1643 offemlamusinfirmos,
1947 1605 2191 1638 lnfirmiautem

1206 1657 1285 1683 sunt
1307 1650 1470 1692 duplices.
1514 1649 1579 1682 Alii
1604 1650 1770 1691 accipiunt
1795 1649 2008 1680 occasionem
2024 1647 2190 1684 licentiae.

1206 1701 1241 1726 ut
1265 1704 1385 1736 magna
1403 1696 1536 1735 ⁸⁴)pars
1560 1691 1663 1736 vulgi,
1687 1703 1728 1724 ex
1753 1702 1876 1724 caussa
1899 1691 2108 1723 traditionum
2121 1691 2190 1723 vio-

1206 1737 1363 1770 lationem
1387 1737 1541 1768 nesciunt
1565 1735 1654 1775 fieri,
1676 1735 1900 1776 incipiuntque
1923 1734 2054 1766 divinas
2077 1740 2108 1766 et
2131 1734 2191 1766 hu·

1206 1791 1322 1813 manas
1351 1781 1545 1812 traditiones
1574 1786 1798 1811 contemnere.
1811 1779 1858 1811 ⁸⁴)
1903 1776 1957 1809 De
1989 1777 2056 1808 hoc
2083 1777 2191 1821 gradu

1208 1822 1358 1856 scandali
1382 1824 1503 1854 dictum
1527 1830 1594 1855 est:
1620 1822 1694 1853 Vae
1712 1821 1846 1856 tietuini,
1868 1829 1930 1862 pet·
1947 1830 2044 1862 quem
2057 1821 2192 1852 veniunt

1207 1865 1380 1899 scandala.
1425 1865 1491 1898 Alii
1515 1871 1593 1898 sunt
1615 1865 1746 1903 infirmi,
1769 1864 1824 1905 qui
1849 1863 1994 1895 nondum
2019 1864 2100 1895 satis
2115 1865 2193 1896 sunt

1207 1910 1372 1948 instructi,
1395 1916 1427 1942 et
1448 1909 1663 1950 suspicantur
1681 1908 1864 1939 doctrinam
1884 1904 2002 1938 salsam
2021 1916 2110 1946 esse,
2132 1907 2193 1939 ita·

1209 1964 1272 1996 que
1292 1951 1523 1986 abalienantur
1545 1950 1681 1994 reliquis
1694 1952 1742 1982 ⁸⁵)
1767 1950 1940 1981 doctrinae
1963 1950 2114 1991 partibus
2138 1958 2192 1982 n&

1209 1997 1379 2030 cessat-iis,
1427 1994 1550 2028 Paulus
1574 1995 1630 2033 ait,
1652 2005 1690 2026 se
1714 1992 1812 2025 malle
1836 1994 1938 2030 mori,
1969 1991 2193 2035 quam'ofl'en&

1209 2041 1289 2072 dere
1312 2039 1466 2078 tratrem,
1491 2039 1584 2076 Item,
1620 2039 1652 2070 Sl
1676 2037 1834 2069 haberem
1856 2036 1974 2074 fldem,
1998 2040 2034 2068 ut
2063 2042 2194 2068 montes

1210 2171 1256 2201 79)
1276 2169 1397 2201 Pusam]
1419 2169 1467 2193 Ed.
1487 2169 1510 2193 2.
1531 2169 1557 2193 ln
1578 2167 1696 2196 Pae-te,

1210 2223 1256 2254 80)
1277 2229 1332 2246 cum
1353 2221 1468 2253 decora]
1490 2220 1538 2244 Ed.
1559 2221 1582 2244 Ἰ.
1604 2220 1707 2243 decore.

1179 2257 1186 2305 Ι
1210 2275 1256 2301 Sl]
1277 2274 1323 2298 Est
1342 2274 1409 2297 enim
1431 2286 1460 2290 —
1481 2272 1681 2296 constitueretur
1702 2283 1732 2288 —
1753 2269 1924 2302 conveniret.)
1945 2269 1993 2294 Ed.
2006 2269 2030 2295 2.
2047 2268 2107 2294 Erit
2125 2270 2193 2295 enin

1279 2323 1311 2328 —-
1331 2308 1498 2332 constituitur
1518 2321 1549 2325 —
1569 2306 1716 2330 convent-t.

1210 2362 1255 2391 82)
1275 2363 1424 2385 concionem
1443 2359 1560 2391 facerem
1583 2359 1630 2383 Ed.
1652 2359 1674 2382 9.
1697 2358 1843 2381 emtinnem
1863 2357 2020 2384 decantaret,

1210 2414 1256 2444 83)
1275 2414 1328 2438 Sed
1348 2418 1431 2437 nuncu
1452 2426 1482 2430 —
1503 2410 1671 2442 exigeretur]
1693 2411 1718 2433 iu
1738 2409 1784 2433 Ed.
1805 2410 1827 2432 2⁴
1850 2410 1939 2433 ‹vn-'m
1956 2410 2018 2432 aad.

1209 2467 1255 2497 84)
1275 2473 1333 2497 pars
1353 2466 1422 2496 vulgi
1445 2477 1475 2482 -
1495 2462 1681 2493 contemnerer]
1702 2462 1748 2486 Ed.
1762 2462 1785 2485 Ἰ,
1807 2469 1864 2492 [νη-ς
1885 2460 1965 2490 τ’·ῐκί,
1985 2459 2102 2483 nest-tem
2116 2464 2191 2490 quan

1279 2501 1313 2525 ob
1333 2507 1435 2525 eausam
1461 2499 1538 2523 licut
1563 2500 1660 2522 violan-
1680 2498 1849 2524 traditiones,
1877 2503 1924 2519 nec
1950 2496 2102 2518 ‹ti-cernunt
2126 2494 2192 2518 inm

1279 2540 1414 2567 praecepta
1440 2533 1490 2558 Dei
1523 2538 1548 2557 et
1572 2534 1724 2556 traditiones
1751 2532 1892 2559 hominnm.
1921 2531 1994 2554 luxu
2019 2530 2102 2553 induit
2132 2534 2192 2552 eon-

1279 2575 1401 2602 teniptum
1421 2570 1535 2593 omnium
1555 2569 1648 2599 legum,
1668 2568 1768 2592 divina
1789 2572 1813 2590 et
1824 2566 1948 2589 humanu
1963 2565 2119 2588 traditiones
2132 2569 2192 2588 eon-

1280 2610 1401 2629 flmlssssfffl.

1211 2657 1258 2686 ⁸5)
1278 2657 1457 2681 abalienantur
1476 2654 1593 2686 ntiquinl
1616 2654 1664 2678 ad.
1684 2653 1707 2678 1,
1729 2652 1909 2677 abalienantur
1926 2658 1942 2675 ι
1960 2650 2064 2682 reliq-t·
