2324 2944
7 150 74 184 413
589 144 628 177 11.
671 144 712 176 B.
757 142 1004 185 CONFESSIO
1027 141 1305 175 AUGUSTANA
1327 141 1439 173 IPSA.
1955 141 2020 173 414

801 262 1227 301 EPILOGVS.¹)

97 347 126 385 ²)
139 345 179 376 Hi
203 350 280 376 sunt
304 343 471 385 praecipui
491 341 639 380 articuli,
669 342 723 383 qui
752 341 905 373 videntur
934 341 990 372 ha·

9 390 90 423 bere
113 388 394 424 conll'oucrsituu,
427 395 613 428 quanquam
650 385 735 416 euim
767 385 808 415 de
838 384 990 425 pluribus

9 432 172 465 abusibus
197 431 261 462 dici
285 435 433 471 poterat,
467 434 593 463 tamen,
623 434 659 459 vt
692 427 886 469 sugeremus
915 437 990 467 pro-

8 473 186 511 lixitatem,
218 473 396 514 praecipua
431 469 593 511 complexi
627 480 759 508 snmus,
795 480 834 501 ex
870 471 990 511 quibus

11 523 146 550 caetera
169 515 266 548 facile
295 515 431 547 iudicari
462 518 614 556 possunt.
660 513 804 554 Magnae
835 511 992 554 querelae

80 645 195 670 Christo.
232 645 304 669 Haec
323 644 452 668 sententia
475 643 537 667 satis
563 643 654 672 docet,
677 642 794 666 homines
821 649 874 666 non
898 641 992 666 mereri

80 681 259 704 remissionem
278 683 441 710 pcccatorum
460 677 573 709 propiijs
593 677 711 708 operibus
731 677 771 701 uel
792 676 895 701 diuinae
916 676 991 708 legis,

79 715 121 739 uel
140 714 307 738 traditionum
327 713 503 736 humanarum.

113 749 167 781 Alij
187 747 322 777 admoniti,
342 751 463 777 quantum
483 747 578 778 primus
597 745 638 770 hie
657 753 730 769 error
755 745 850 769 habeat
874 745 990 769 absurdi-

79 784 146 817 tatis,
165 783 292 813 incipiunt
311 781 481 806 nere-andins
501 781 571 811 loqui
592 781 623 804 de
648 780 849 809 traditionibus,
876 780 929 804 Sed
954 783 991 804 ta-

79 825 138 842 men
158 825 271 842 errorem
289 824 342 840 non
362 816 523 840 tolerandum
549 816 677 844 retinent,
701 815 790 838 dicunt
815 814 878 838 haec
904 821 991 845 opera,

80 853 128 876 ets-i
147 859 199 876 non
218 855 350 875 merentur
369 851 547 874 remissionem
567 854 738 880 peccatorum,
759 854 845 873 tamen
864 856 920 873 esse
939 849 992 872 eul-

79 889 121 910 tus
140 886 199 916 Dei,
218 886 243 910 id
264 890 310 913 est,
330 893 418 917 opera,
439 892 547 915 quorum
566 884 623 907 finis
644 885 677 907 sit
700 884 876 914 immediatus,
901 886 928 907 ut
946 890 992 914 per

80 928 111 946 ea
137 921 207 945 Deus
236 921 335 944 honore
363 919 507 943 adficiatur.
545 919 680 943 Acerrime
707 918 878 941 resistendum
906 922 944 941 est
968 920 993 940 et

79 955 142 980 huie
161 956 253 985 errori,
273 954 391 979 Christus
410 955 477 978 euim
497 957 586 984 aperte
605 953 677 976 dicit.
715 953 819 976 Frustra
843 952 933 976 colunt
951 958 992 975 mo

78 990 206 1014 mandatis
226 990 367 1013 hominum.
398 989 432 1012 Et
450 988 546 1012 Paulus
570 995 692 1018 expresse
716 987 820 1011 damnat
843 984 992 1017 ἐθελοθρη-

79 1025 158 1052 σκίας
183 1024 216 1048 ad
237 1024 417 1048 colossenses.
455 1022 487 1046 Et
507 1030 563 1045 cum
585 1025 705 1052 oporteat
725 1022 806 1045 cultus
825 1021 876 1044 Dei
896 1022 922 1044 in
941 1020 992 1044 tide

77 1058 144 1088 fieri,
163 1065 270 1082 necesse
289 1062 326 1081 est
346 1065 392 1081 nos
409 1057 503 1081 habere
518 1057 569 1080 Dei
585 1056 698 1084 uerbum,
718 1056 787 1086 quod
804 1058 912 1079 testetur
927 1061 991 1085 opus

77 1093 136 1118 Deo
158 1093 269 1125 plac-ere.
301 1092 438 1121 Quomodo
456 1092 523 1115 enim
543 1094 627 1121 potest
645 1090 803 1114 couscientia
822 1089 880 1113 Deo
897 1088 991 1112 offerre

83 1135 156 1159 opus,
168 1128 188 1151 si
201 1135 253 1151 non
268 1131 337 1150 extet
356 1134 407 1150 uox
419 1127 477 1154 Dei,
489 1132 554 1156 quae
565 1125 685 1148 ostendat
695 1124 779 1147 Deum
797 1124 834 1147 sic
844 1123 912 1147 uelle
931 1123 991 1152 coli,

78 1163 146 1186 uelle
164 1162 213 1185 ho(-
234 1161 333 1185 honore
352 1161 435 1185 adiici.
472 1159 525 1184 Sed
546 1159 611 1183 lianc
631 1159 662 1182 de
680 1159 732 1182 lide
750 1158 895 1182 doctrinam
918 1157 989 1188 impij

78 1196 198 1221 homines
216 1204 269 1220 non
288 1196 477 1226 intelligentes,
498 1194 616 1217 omnibus
637 1193 728 1217 seculis
754 1192 888 1217 horrenda
912 1193 989 1215 auda-

78 1232 119 1255 cia
137 1231 268 1254 finxerunt
293 1230 391 1259 cultus,
416 1230 471 1253 sine
495 1229 618 1251 mandato
643 1232 669 1251 et
686 1227 768 1251 uerbo
786 1227 850 1257 Dei,
878 1227 949 1258 quod
968 1226 991 1250 si

77 1265 133 1289 fieri
152 1265 227 1295 licet,
251 1271 303 1288 non
328 1267 413 1295 potest
436 1263 487 1287 dici
517 1270 609 1292 causa,
636 1269 680 1285 cur
706 1269 759 1285 non
786 1262 906 1293 placeant
932 1261 990 1285 Deo

78 1299 191 1324 Ethnica
210 1299 349 1328 sacrificia,
367 1298 538 1322 mactationes
563 1304 663 1326 canum,
683 1296 784 1320 hostiae
803 1297 991 1327 lampsacenae,

79 1337 106 1358 et
132 1334 184 1359 alia
211 1338 340 1365 portenta.
378 1333 436 1362 Quo
465 1333 516 1356 ruit
544 1331 657 1355 hnmana
687 1331 797 1355 audacia
826 1338 879 1355 non
907 1331 991 1354 solum

78 1369 147 1400 apud
165 1368 299 1398 Etlmicos,
318 1369 343 1391 in
364 1367 490 1398 tingendis
510 1366 633 1396 cultibus,
659 1366 704 1389 sed
728 1366 807 1389 etiam
834 1366 860 1389 iu
884 1364 992 1389 Pontifi-

79 1404 122 1427 cio
142 1407 219 1427 eoetu
238 1402 394 1433 excogitatis
414 1401 524 1425 subinde
542 1402 618 1425 nouis
638 1404 663 1424 et
681 1400 800 1424 absurdis
828 1400 992 1431 ceremonijs,

77 1438 105 1462 in
127 1438 292 1462 inuocatione
318 1441 496 1466 mortuorum,
526 1436 553 1460 in
581 1437 750 1459 ueneratione
780 1438 941 1464 sanctorum,
966 1434 993 1458 in

77 1471 266 1496 Monachorum
284 1469 476 1504 βατταλογίαις.
503 1469 588 1495 Simus
607 1470 686 1500 igitur
698 1469 837 1500 uigilantes
855 1469 905 1493 hoc
923 1468 992 1498 loco,

77 1514 126 1532 nee
145 1508 258 1531 sinamus
276 1506 401 1537 Ecclesijs
420 1505 522 1529 obtrudi
542 1505 626 1536 legeS,
647 1512 712 1535 quae
738 1506 890 1535 proponunt
913 1510 993 1534 opera

78 1542 134 1566 siue
161 1542 286 1566 mandato
311 1541 374 1570 Dei,
402 1544 524 1571 tanquam
555 1540 637 1597 συξη
659 1543 684 1562 ct
711 1539 836 1563 iustis-ias.
873 1538 908 1561 Et
935 1545 992 1561 cum

76 1575 143 1601 hane
163 1577 195 1600 de
214 1576 323 1599 cultibus
343 1575 493 1606 opinionem
512 1581 586 1598 assna
637 1580 726 1597 omues
743 1573 896 1604 aduersarij,
914 1573 993 1596 etiam

77 1611 123 1642 qni
140 1610 358 1634 uerecundissime
378 1610 524 1641 loquuntur,
552 1609 663 1632 sciamus
682 1608 752 1638 pium
773 1615 837 1638 opus
857 1614 929 1637 esse,
953 1614 992 1630 re-

79 1645 200 1674 clamare,
221 1649 247 1668 et.
264 1644 407 1667 uiolatione
431 1644 520 1667 talium
545 1643 711 1666 traditionum
738 1642 883 1673 exemplum
907 1644 992 1665 osten-

79 1679 149 1709 dere,
179 1685 212 1702 ex
240 1686 291 1709 quo
319 1678 354 1709 pij
381 1679 496 1706 discant,
522 1678 584 1708 quid
609 1676 770 1700 sentiendum
790 1677 831 1700 sit.
868 1675 942 1700 Sicut
960 1676 992 1700 de

77 1713 169 1738 Attalo
189 1713 279 1737 scribit
298 1712 434 1742 Eusebius,
455 1712 578 1736 diuinitus
598 1712 695 1735 iussum
715 1718 779 1740 esse,
798 1715 827 1734 ut
844 1711 919 1735 alteri
939 1711 992 1734 cui-

79 1748 139 1773 dam
158 1748 256 1772 diceret
273 1747 388 1771 uescenti
407 1751 505 1770 tantum
531 1753 611 1778 pane,
638 1746 705 1774 sale,
725 1749 750 1769 et
767 1753 848 1776 aqua,
874 1749 903 1769 ut
928 1745 993 1769 cibis

79 1783 260 1808 communibus
278 1785 401 1811 uteretur,
419 1789 452 1805 ne
471 1781 528 1813 alijs
547 1787 662 1805 errorem
681 1780 837 1804 offunderet.

113 1817 198 1842 Porro
225 1817 268 1840 hic
291 1817 419 1840 secundus
445 1823 532 1845 error,
560 1816 591 1839 de
616 1815 699 1843 cultu,
728 1814 779 1838 late
806 1818 915 1846 uagatus
945 1817 991 1838 est.

78 1851 157 1877 Multi
185 1851 297 1875 enimin
320 1851 439 1875 Ecclesia
464 1850 563 1881 decepti
589 1854 647 1873 sunt
671 1847 825 1878 κακοζηλία.
862 1849 992 1873 Leuitica-

78 1894 135 1912 rum
155 1886 368 1915 ceremoniarum,
387 1893 417 1909 ae
435 1889 592 1917 putauerunt
611 1885 638 1908 in
658 1891 726 1907 nouo
737 1884 904 1908 'l'estamento
916 1891 992 1915 opor-

79 1925 135 1946 tere
153 1921 249 1945 similes
269 1921 370 1952 aliquos
390 1920 453 1943 ritus
472 1927 539 1950 esse,
558 1923 583 1943 et
602 1918 650 1943 hos
671 1925 726 1942 esse
753 1919 835 1943 cultus
858 1918 924 1949 Dei,
948 1925 994 1942 seu

78 1963 122 1981 res
141 1963 187 1988 per
205 1962 268 1987 quas
286 1955 351 1978 uelit
368 1954 440 1978 Deus
459 1962 486 1978 se
504 1954 604 1978 honore
622 1953 713 1983 adfici,
737 1957 764 1977 et
786 1953 904 1978 iusticias
928 1960 992 1977 esse.

78 1990 195 2021 Ideoque
214 1990 360 2014 tribuerunt
378 1989 518 2020 Episcopis
537 1988 703 2012 autoritatem
721 1988 786 2012 tales
805 1989 872 2012 ritus
891 1991 917 2011 et
941 1988 993 2011 cul-

81 2029 123 2049 tus
149 2024 309 2049 instituendi.
354 2023 431 2048 Hunc
463 2023 641 2048 pharisaicum
678 2029 792 2047 errorem
823 2022 951 2047 Christust
969 2025 995 2046 et

81 2059 204 2091 Apostoli
228 2062 365 2089 taxarunt,
387 2059 430 2090 qui
455 2058 552 2082 docent
577 2058 658 2081 cultus
683 2057 709 2081 in
736 2064 806 2081 nouo
825 2057 993 2082 Testamento

82 2100 139 2119 esse
156 2093 354 2125 poenitentiam,
377 2094 496 2117 timorem
514 2092 579 2123 Dei,
597 2092 690 2123 fidem,
714 2096 739 2115 et
763 2099 846 2123 opera
864 2092 994 2123 decalogi,

81 2131 112 2152 ut
129 2127 224 2152 Paulus
242 2129 332 2160 inquit.
366 2126 485 2159 Regnum
505 2127 555 2152 Dei
574 2134 628 2151 non
647 2130 687 2151 est
705 2134 765 2151 esea
787 2132 813 2151 et
835 2130 924 2158 potus,
947 2126 995 2151 sed

82 2163 187 2188 iusticia
204 2166 229 2186 et
247 2169 298 2195 pax
317 2166 344 2187 et
361 2163 483 2193 gaudium
502 2163 530 2186 in
548 2162 640 2194 spiritu
659 2165 759 2186 sancto.
799 2161 850 2191 Qui
876 2162 944 2185 enim
968 2161 995 2185 in

82 2197 124 2222 his
143 2198 222 2222 seruit
239 2197 360 2227 Christo,
377 2197 463 2228 placet
480 2197 554 2227 Deo,
579 2200 605 2220 et
629 2197 753 2228 probatus
773 2199 814 2220 est
837 2196 993 2221 hominibus.

82 2231 210 2257 Monachi
227 2239 256 2257 se
274 2231 408 2256 Nazareos
436 2239 492 2256 esse
515 2231 664 2263 fingebant,
683 2231 828 2257 Sacrificuli
851 2239 899 2263 pro
927 2237 995 2256 mor-

32 2352 63 2386 1)
81 2351 222 2385 Epilogvs]
240 2351 303 2377 haec
319 2351 460 2385 inscriptio,
478 2359 541 2385 quoe
557 2352 584 2377 δη
601 2352 686 2378 Editt.
706 2353 731 2379 1.
749 2352 775 2379 2.
795 2352 821 2379 3.
847 2351 952 2384 legitur,
971 2351 998 2375 in

83 2387 134 2412 Ed.
153 2388 178 2414 4.
198 2387 289 2412 omissa
307 2389 351 2412 est.

30 2447 64 2481 Β)
81 2447 117 2472 m
137 2451 197 2472 sunt
213 2447 344 2479 praecipui
363 2445 474 2476 articuli,
493 2458 526 2464 —
545 2459 578 2465 —
595 2445 671 2477 Deo,
689 2446 810 2478 volente,
835 2447 910 2471 iuxta
934 2446 998 2470 scri-

84 2485 174 2514 pturas
193 2481 339 2513 exhibere]
358 2482 395 2505 sic
412 2479 452 2505 lu'c
469 2480 595 2512 Epilogus
613 2482 639 2505 i'n
656 2481 738 2507 Editt.
759 2483 783 2507 l.
802 2482 827 2507 2.
845 2482 870 2507 3.
897 2479 997 2506 alu-'be-

84 2519 140 2547 tur-3
157 2517 184 2541 δη
200 2516 252 2541 Ed.
269 2517 295 2542 4.
313 2523 386 2546 nero,
404 2516 494 2540 omma
509 2515 678 2548 inscriptione,
693 2524 741 2549 pro
758 2516 810 2542 iuis
828 2515 924 2550 scripta
942 2518 998 2540 sunt

85 2549 175 2577 haecce
181 2559 189 2575 t

121 2602 260 2634 complexi
287 2608 374 2626 snmus
402 2607 527 2626 summam
549 2600 685 2626 doetrinae
706 2600 886 2633 Euangelicae
907 2607 998 2626 neces-

86 2637 182 2662 sariam
199 2636 339 2677 βασίοεῇε,
355 2635 412 2661 Nee
435 2635 581 2661 dubitamus
604 2635 651 2662 has
672 2637 743 2670 ipses
772 2635 919 2662 sentencias
949 2642 998 2661 no-

1015 806 1020 999 l

1014 1040 1019 1244 i

1038 338 1173 372 fuerunt
1206 339 1249 370 de
1275 337 1509 380 indulgentiis,
1544 338 1585 368 de
1613 338 1952 379 peregrinationibus,
1976 339 2017 369 de

1039 385 1147 416 abusu
1177 381 1537 414 excommunicationis.
1588 380 1770 412 Parocliiae
1799 380 2020 421 multipliciter

1038 427 1248 459 vexabantur
1270 435 1329 466 per
1351 424 1584 456 stationarios-
1619 424 1768 455 lnlinime
1781 426 1808 459 ⁸)
1833 425 2015 455 contentio-

1039 479 1100 501 nes
1123 474 1218 500 erant
1241 467 1434 499 Pastoribus
1467 477 1540 498 cum
1567 465 1761 507 monachis,
1792 466 1833 497 de
1861 468 1929 498 itu-e
1959 468 2021 499 Pa·

1040 510 1193 550 rochiali,
1218 511 1259 542 de
1282 508 1563 547 confessionibuS,
1586 510 1627 542 de
1650 508 1841 551 sepulturis,
1866 510 1907 540 de
1927 516 2021 541 extra

1110 642 1160 665 tuis
1178 640 1363 670 sacrificantes,
1381 639 1515 671 fingebant
1532 647 1559 663 se
1577 640 1674 663 imitasi
1692 639 1844 663 Aliaroncm
1863 639 2020 663 offerentem.

1110 675 1164 700 Sed
1182 675 1246 700 haee
1265 675 1384 706 exempla
1402 682 1455 698 non
1479 675 1645 698 conueniunt.
1682 673 1871 698 Mouacltorutn
1896 675 1973 703 ritus,
1993 679 2019 698 et

1110 710 1233 734 uenditae
1251 709 1454 733 sacrificulorum
1472 709 1568 733 Mis-sac
1588 709 1686 732 nullutn
1709 709 1807 732 habeut
1830 708 1935 732 uerbum
1960 708 2018 738 Dei,

1109 744 1166 769 Imo
1185 744 1316 769 admixtae
1334 747 1394 768 sunt
1412 744 1506 768 multae
1525 743 1652 767 absurdae
1671 743 1817 774 opiniones,
1838 751 1901 773 quas
1925 744 1951 766 in
1970 743 2018 767 Ee-

1111 780 1189 803 clesia
1206 779 1291 803 taxari
1308 786 1414 803 necesse
1433 782 1479 802 est.

1145 813 1248 838 Tertius
1277 821 1350 837 error
1376 817 1415 836 est
1442 813 1532 843 opinio
1557 813 1734 841 necessitatis,
1762 811 1819 840 Qua
1846 812 2021 843 imaginantur

1109 848 1252 872 Ecclesiam
1275 855 1332 871 esse
1359 847 1467 871 similem
1496 847 1587 871 ceteris
1615 847 1713 878 politijs
1741 846 1875 875 humanis,
1905 847 2023 877 cogitant.

1109 890 1219 913 regumn
1238 889 1292 906 esse
1310 882 1337 906 in
1357 889 1406 912 quo
1426 881 1547 913 Episcopi
1567 886 1593 905 nt
1612 881 1713 911 Iti-gos,
1733 886 1885 912 potestatem
1912 881 2023 905 habeant

1110 917 1242 942 condendi
1260 917 1331 948 leges
1349 923 1432 940 nouas
1452 922 1525 940 extra
1550 916 1735 946 Euangelium,
1761 920 1785 939 ct
1810 916 1849 939 bis
1876 915 2021 939 necess-ario

1110 951 1284 975 obediendum
1305 958 1374 979 esse,
1393 951 1460 974 sicut
1481 951 1579 981 Regum
1603 951 1704 981 legibus
1731 951 1875 974 necosfflrio
1901 950 2023 973 obedien-

1110 986 1171 1009 dum
1190 989 1241 1015 est,
1266 986 1402 1016 presertim
1428 993 1485 1009 cum
1509 986 1572 1009 haec
1591 986 1646 1009 uita
1675 985 1803 1007 hominum
1833 992 1921 1008 carere
1949 991 2018 1007 cere-

1109 1021 1203 1051 monijs
1222 1027 1275 1043 non
1294 1021 1383 1050 possit.
1421 1019 1454 1044 Et
1473 1019 1536 1043 haec
1555 1020 1644 1050 opinio
1664 1020 1823 1043 inu-essionis
1849 1027 1925 1050 saepe
1954 1020 2021 1043 exci-

1108 1055 1174 1078 tauit
1193 1055 1343 1083 certamina,
1362 1053 1422 1076 dnm
1447 1061 1506 1077 suos
1531 1054 1635 1084 quisquc¹
1663 1054 1726 1077 ritus
1750 1053 1874 1077 humanos
1901 1058 2022 1085 tanquam

1108 1089 1270 1112 necessarios
1290 1088 1414 1112 defendit.
1452 1087 1504 1111 Sed
1523 1087 1639 1111 Christus
1659 1090 1684 1111 et
1703 1087 1824 1118 Apostoli
1845 1088 1938 1111 riost-nt
1958 1089 2022 1111 tales

1108 1124 1172 1146 ritus
1190 1123 1246 1146 sine
1263 1121 1386 1146 mandato
1405 1121 1457 1146 Dei
1475 1123 1634 1153 propositos,
1652 1129 1705 1145 non
1725 1122 1866 1145 ,habendos
1896 1130 1950 1146 esse
1975 1130 2022 1153 pro

1108 1157 1184 1180 rebus
1202 1159 1364 1189 necessat-ijs,
1401 1156 1501 1181 Contra
1518 1157 1586 1180 hanc
1605 1157 1752 1181 libertatem
1771 1158 1895 1181 sancitam
1915 1161 1941 1179 et
1959 1163 2022 1180 cou-

1109 1192 1224 1216 stitutam
1243 1192 1381 1215 autoritate
1400 1191 1496 1220 diuina,
1515 1198 1569 1215 non
1588 1196 1626 1215 est
1645 1191 1795 1221 recipienda
1819 1192 1923 1222 opinio,
1949 1191 2020 1222 fland

1108 1226 1216 1250 uiolatio
1236 1226 1403 1250 traditionum
1422 1226 1566 1249 mediarum
1586 1231 1659 1249 extra
1675 1233 1763 1249 casum
1781 1226 1896 1249 scandali
1917 1225 1948 1249 sit
1962 1232 2022 1256 pec-

1110 1264 1203 1286 catum.
1240 1261 1298 1285 Huc
1317 1261 1428 1292 pertinet
1452 1261 1548 1284 dictum
1573 1260 1664 1289 Pauli,
1688 1259 1771 1283 Nemo
1798 1268 1844 1284 uos
1870 1260 1967 1283 iudicet
1994 1260 2023 1283 in

1110 1296 1178 1325 cibo,
1196 1299 1271 1326 potu,
1290 1296 1390 1320 uicibus
1409 1295 1461 1319 diei
1487 1295 1547 1318 festi
1572 1297 1621 1319 etc.
1658 1294 1726 1319 Nam
1751 1295 1867 1318 iudicare
1891 1294 2023 1325 significat

1110 1330 1227 1361 obligare
1246 1330 1429 1360 conscientias,
1448 1333 1473 1353 et
1491 1330 1614 1353 damnare
1633 1336 1686 1353 non
1705 1329 1920 1359 obtemperantes.
1957 1329 2023 1353 Item

1109 1365 1143 1389 ad
1162 1365 1278 1389 Galatas.
1298 1365 1323 1390 5.
1353 1365 1426 1389 State
1454 1365 1481 1388 in
1509 1365 1642 1393 libertate,
1669 1371 1718 1395 qua
1741 1363 1859 1389 Christus
1886 1370 1933 1387 uos
1957 1363 2022 1387 libe-

1109 1400 1177 1423 rauit
1195 1402 1243 1423 etc.

1145 1434 1278 1457 Hactenus
1304 1432 1400 1456 dictum
1427 1436 1481 1463 est,
1509 1435 1635 1464 quatenus
1660 1439 1713 1456 non
1741 1432 1819 1456 liceat
1842 1435 1887 1456 aut
1910 1432 2024 1456 condere

1110 1468 1264 1492 traditiones
1282 1471 1326 1491 aut
1346 1467 1500 1499 adprobare.
1539 1466 1638 1497 Querat
1661 1467 1739 1497 igitur
1763 1467 1870 1498 aliquis,
1895 1474 1928 1490 an
1944 1467 2025 1490 uitam

1110 1501 1178 1527 hane
1195 1502 1330 1526 hominum
1348 1503 1404 1526 sine
1424 1503 1525 1531 ordine,
1544 1503 1599 1525 sine
1618 1501 1709 1525 ritibus
1736 1508 1791 1525 esse
1816 1501 1935 1525 uelimus.
1971 1500 2024 1524 Ne-

1110 1543 1247 1568 quaquam.
1283 1535 1336 1561 Sed
1363 1537 1485 1560 docemus
1508 1540 1625 1568 pastores
1648 1543 1724 1559 ueros
1747 1536 1924 1560 Ecclesiarum
1946 1542 2025 1567 posse

1111 1573 1138 1597 in
1157 1571 1280 1602 Ecclesijs
1308 1572 1360 1595 suis
1391 1571 1510 1602 publicos
1540 1571 1606 1594 ritus
1630 1570 1780 1601 instituere,
1806 1570 1853 1594 sed
1872 1573 1970 1594 tantum
1989 1570 2024 1594 ad

1109 1606 1187 1630 finem
1214 1606 1390 1637 corporalem,
1414 1605 1464 1629 hoc
1494 1608 1546 1635 cst,
1573 1605 1637 1629 boni
1666 1605 1765 1629 ordinis
1783 1612 1874 1634 causa,
1898 1603 2027 1628 uidelicet

1110 1641 1175 1665 ritus
1195 1641 1273 1664 utiles
1293 1640 1326 1664 ad
1346 1639 1490 1664 docendam
1507 1639 1709 1669 multitudinem,
1729 1643 1758 1663 ut
1775 1643 1859 1663 certos
1879 1639 1949 1668 dies,
1968 1645 2025 1662 cer-

1110 1679 1150 1699 tas
1168 1674 1303 1704 lectiones,
1322 1677 1348 1699 et
1366 1675 1442 1706 siqua,
1459 1678 1519 1698 sunt
1544 1674 1651 1703 similia,
1676 1673 1722 1697 scd
1745 1674 1800 1697 siue
1824 1673 2024 1705 supersticione,

1111 1714 1137 1734 et
1155 1710 1212 1733 sine
1230 1709 1354 1741 opinione
1377 1709 1552 1737 necessitatiS,
1578 1713 1608 1731 ut
1631 1711 1691 1732 ante
1714 1707 1811 1732 dictum
1836 1712 1884 1732 est.
1920 1706 1955 1731 Et
1980 1707 2026 1731 has

1110 1743 1290 1768 ordinationes
1309 1744 1410 1767 uiolare
1429 1747 1503 1767 extra
1522 1750 1608 1766 casum
1627 1742 1753 1772 scandali,
1772 1750 1825 1767 non
1840 1743 1948 1766 ducatur
1967 1749 2026 1766 esse

1109 1783 1259 1810 peecatum,
1283 1777 1336 1802 Sed
1363 1779 1385 1803 si
1417 1785 1474 1801 eum
1501 1777 1627 1802 scandalo
1650 1777 1797 1808 uiolentur,
1822 1777 1867 1801 ubi
1890 1776 2025 1800 Ecclesiae

1109 1817 1181 1838 recte
1200 1813 1357 1837 constitutae
1375 1816 1444 1842 sunt,
1463 1819 1511 1836 nec
1530 1819 1604 1836 error
1623 1814 1662 1835 est
1679 1811 1706 1835 in
1727 1811 1855 1841 doctrina,
1874 1810 1948 1836 Sciat
1965 1812 2024 1835 uio-

1109 1848 1167 1872 lans
1186 1847 1233 1872 tali
1251 1847 1310 1871 loco
1329 1853 1357 1871 se
1380 1853 1503 1878 peccare,
1531 1847 1592 1878 quia
1617 1846 1753 1870 Ecclesiae
1774 1850 1846 1870 recte
1871 1845 2025 1870 constitutae

1109 1882 1323 1914 tranquillitatem
1349 1882 1493 1913 perturbat,
1510 1885 1556 1906 aut
1574 1881 1641 1905 alios
1659 1888 1675 1904 a
1692 1888 1755 1905 uero
1774 1881 1919 1905 ministerio
1943 1879 2024 1904 abdu-

1111 1917 1154 1942 cit.
1190 1917 1263 1941 Haec
1282 1917 1350 1941 ratio
1369 1916 1432 1941 satis
1450 1916 1533 1940 munit
1550 1916 1716 1940 autoritatem
1733 1916 1836 1939 utilium
1846 1915 2026 1944 traditionum,

1111 1956 1137 1976 ct
1154 1959 1209 1976 nou
1227 1950 1313 1982 inijcit
1329 1951 1450 1983 laqueum
1469 1950 1650 1982 consciencijs.

1145 1985 1190 2012 Sic
1206 1985 1327 2010 Ecclesia
1349 1986 1429 2010 inicio
1453 1989 1539 2010 certos
1565 1985 1620 2009 dies
1638 1984 1790 2016 ssordinauin
1815 1984 1884 2008 diem
1905 1982 2026 2007 Domini-

1111 2028 1176 2051 cum,
1194 2020 1316 2045 Natalem
1335 2020 1442 2050 Christi,
1459 2019 1558 2050 Pasca,
1575 2019 1749 2045 Pentecosten
1769 2022 1818 2043 ete.
1846 2018 1903 2043 Nec
1921 2018 2024 2049 dispen-

1111 2055 1179 2080 sauit
1195 2055 1314 2080 Ecclesia
1332 2055 1365 2079 de
1383 2055 1519 2086 decalago,
1537 2054 1583 2078 sed
1602 2055 1728 2078 autoritas
1752 2054 1842 2078 diuina
1865 2053 2026 2077 ceremonias

1110 2090 1176 2122 legis
1193 2090 1326 2115 Mosaicae
1344 2089 1499 2121 abrogauit,
1518 2092 1544 2113 et
1567 2093 1653 2114 tamen
1680 2088 1805 2120 populum
1829 2087 1895 2112 scire
1920 2090 2027 2118 oportet

1111 2125 1218 2158 qnando
1246 2125 1454 2150 conueniendum
1479 2125 1528 2154 sit,
1554 2123 1588 2148 ad
1605 2124 1794 2154 Euangelium,
1818 2126 1844 2147 et
1866 2121 1900 2146 ad
1924 2120 2025 2146 Christi

1113 2160 1280 2185 ceremonias.
1317 2159 1381 2184 Ideo
1400 2159 1480 2191 aliqui
1499 2159 1555 2183 dies
1575 2157 1711 2183 constituti
1729 2161 1804 2187 sunt,
1821 2157 1878 2182 sine
1895 2155 1946 2180 illis
1969 2155 2025 2187 opi·

1111 2194 1233 2219 nionibus
1251 2195 1285 2219 de
1303 2194 1396 2226 quibus
1419 2201 1496 2225 supra
1520 2193 1647 2223 diximus,
1671 2192 1712 2216 Ac
1733 2195 1822 2216 manet
1843 2192 1871 2216 in
1895 2190 2026 2221 decalogo

1115 2236 1197 2261 genus
1221 2232 1251 2253 ut
1273 2229 1404 2262 aliquibus
1432 2229 1591 2260 temporibus
1621 2227 1807 2252 conueniamus
1836 2226 1871 2250 ad
1897 2224 1962 2250 haec
1983 2225 2028 2256 pia

1115 2354 1182 2376 stras
1200 2357 1262 2375 uere
1281 2356 1338 2374 esse
1357 2349 1502 2374 doctrinam
1519 2348 1547 2372 in
1564 2347 1666 2379 seriptis
1679 2346 1840 2379 propheticis
1865 2349 1892 2369 et
1912 2345 2027 2376 Aposto-

1112 2385 1170 2410 licis
1199 2385 1335 2414 traditam,
1362 2387 1388 2408 et
1414 2390 1567 2408 consensum
1595 2381 1738 2406 catholicae
1764 2380 1897 2405 Ecclesiae
1919 2378 2027 2409 Christi,

1115 2420 1157 2445 eui
1183 2420 1262 2444 etiam
1286 2419 1441 2443 eruditiores
1473 2417 1613 2448 scriptores
1640 2416 1817 2440 Ecclesiastici
1848 2414 2027 2439 testimonium

1114 2461 1193 2486 saepo
1209 2454 1354 2486 perhibent.
1380 2454 1421 2478 Ac
1439 2451 1571 2476 offerimus
1589 2458 1637 2475 nos
1655 2451 1688 2475 ad
1707 2450 1907 2483 explicationem
1923 2448 2027 2479 longio-

1113 2496 1185 2519 rem,
1207 2489 1355 2521 ubicunque
1383 2495 1447 2520 opus
1473 2487 1530 2511 erit.
1570 2483 1678 2509 Oramus
1705 2489 1793 2510 antem
1814 2484 1899 2510 Deum
1925 2487 2027 2516 patrem

1113 2523 1222 2549 Domini
1240 2524 1323 2548 nostri
1341 2523 1402 2548 Iesu
1419 2521 1534 2550 Christi,
1552 2523 1581 2544 nt
1604 2520 1660 2552 ipse
1683 2519 1831 2546 Ecclesiam
1856 2525 1944 2548 uuam,
1967 2523 2026 2542 ean-

1114 2558 1192 2589 guine
1210 2558 1257 2591 filij
1276 2557 1452 2589 redemptam,
1474 2555 1610 2587 gnbemet,
1633 2559 1734 2587 seruet,
1758 2557 1852 2587 purget
1877 2556 1903 2578 et
1921 2555 2023 2584 augeat.

1114 2593 1210 2618 Amen.

1063 2634 1096 2669 3)
1112 2634 1248 2668 mattae]
1266 2635 1304 2661 εἰσ
1319 2638 1387 2661 recu
1403 2633 1486 2660 Editt.
1505 2634 1532 2661 1.
1549 2633 1593 2665 2.;
1609 2632 1660 2660 Ed.
1678 2632 1718 2661 a:
1735 2630 1840 2657 Infinita
