<?xml version="1.0" encoding="UTF-8"?>
<!DOCTYPE html PUBLIC "-//W3C//DTD XHTML 1.0 Transitional//EN"
    "http://www.w3.org/TR/xhtml1/DTD/xhtml1-transitional.dtd">
<html xmlns="http://www.w3.org/1999/xhtml" xml:lang="en" lang="en">
 <head>
  <title>
</title>
<meta http-equiv="Content-Type" content="text/html;charset=utf-8" />
  <meta name='ocr-system' content='tesseract 3.04.00' />
  <meta name='ocr-capabilities' content='ocr_page ocr_carea ocr_par ocr_line ocrx_word'/>
</head>
<body>
  <div class='ocr_page' id='page_1' title='image "./operaquaesupersu26melauoft_0020.png"; bbox 0 0 2324 2944; ppageno 0'>
   <div class='ocr_carea' id='block_1_1' title="bbox 120 143 2118 191">
    <p class='ocr_par' dir='ltr' id='par_1_1' title="bbox 120 143 2118 191">
     <span class='ocr_line' id='line_1_1' title="bbox 120 143 2118 191; baseline -0.008 -1"><span class='ocrx_word' id='word_1_1' title='bbox 120 161 154 191; x_wconf 86' lang='lat'><strong>11</strong></span> <span class='ocrx_word' id='word_1_2' title='bbox 560 153 670 185; x_wconf 83' lang='lat' dir='ltr'><strong>PHlL.</strong></span> <span class='ocrx_word' id='word_1_3' title='bbox 693 151 795 184; x_wconf 77' lang='lat' dir='ltr'><strong>MEL.</strong></span> <span class='ocrx_word' id='word_1_4' title='bbox 818 148 1008 183; x_wconf 76' lang='lat' dir='ltr'><strong>sthP&#39;rA</strong></span> <span class='ocrx_word' id='word_1_5' title='bbox 1030 145 1299 180; x_wconf 74' lang='lat' dir='ltr'><strong>DOGMAthA</strong></span> <span class='ocrx_word' id='word_1_6' title='bbox 1317 143 1375 176; x_wconf 80' lang='lat' dir='ltr'><strong>ET</strong></span> <span class='ocrx_word' id='word_1_7' title='bbox 1395 143 1668 177; x_wconf 77' lang='lat' dir='ltr'><strong>SYMBOLICA.</strong></span> <span class='ocrx_word' id='word_1_8' title='bbox 2078 146 2118 179; x_wconf 73' lang='lat'><strong>12</strong></span> 
     </span>
    </p>
   </div>
   <div class='ocr_carea' id='block_1_2' title="bbox 118 246 1085 593">
    <p class='ocr_par' dir='ltr' id='par_1_2' title="bbox 118 246 1085 593">
     <span class='ocr_line' id='line_1_2' title="bbox 119 246 1085 292; baseline -0.011 -8"><span class='ocrx_word' id='word_1_9' title='bbox 119 254 218 284; x_wconf 85' lang='lat' dir='ltr'><strong>donat</strong></span> <span class='ocrx_word' id='word_1_10' title='bbox 243 257 398 292; x_wconf 85' lang='lat' dir='ltr'><strong>peccatu,</strong></span> <span class='ocrx_word' id='word_1_11' title='bbox 428 249 524 285; x_wconf 82' lang='lat' dir='ltr'><strong>adsit,</strong></span> <span class='ocrx_word' id='word_1_12' title='bbox 544 253 638 289; x_wconf 82' lang='lat' dir='ltr'><strong>regat</strong></span> <span class='ocrx_word' id='word_1_13' title='bbox 653 248 696 283; x_wconf 78' lang='lat'><strong>²³)</strong></span> <span class='ocrx_word' id='word_1_14' title='bbox 720 252 751 276; x_wconf 90' lang='lat' dir='ltr'><strong>et</strong></span> <span class='ocrx_word' id='word_1_15' title='bbox 780 246 940 287; x_wconf 81' lang='lat' dir='ltr'>gubernet</span> <span class='ocrx_word' id='word_1_16' title='bbox 969 252 1030 274; x_wconf 84' lang='lat' dir='ltr'><strong>nes</strong></span> <span class='ocrx_word' id='word_1_17' title='bbox 1054 249 1085 272; x_wconf 88' lang='lat' dir='ltr'><strong>et</strong></span> 
     </span>
     <span class='ocr_line' id='line_1_3' title="bbox 118 285 1085 327; baseline -0.012 0"><span class='ocrx_word' id='word_1_18' title='bbox 118 296 159 327; x_wconf 77' lang='lat' dir='ltr'><strong>sit</strong></span> <span class='ocrx_word' id='word_1_19' title='bbox 174 293 374 326; x_wconf 68' lang='lat' dir='ltr'>salvaturus-</span> <span class='ocrx_word' id='word_1_20' title='bbox 409 291 491 323; x_wconf 83' lang='lat' dir='ltr'><strong>Sunt</strong></span> <span class='ocrx_word' id='word_1_21' title='bbox 515 291 608 321; x_wconf 87' lang='lat' dir='ltr'><strong>etiam</strong></span> <span class='ocrx_word' id='word_1_22' title='bbox 628 289 780 319; x_wconf 85' lang='lat' dir='ltr'><strong>monendi</strong></span> <span class='ocrx_word' id='word_1_23' title='bbox 804 287 965 324; x_wconf 86' lang='lat' dir='ltr'><strong>homiues,</strong></span> <span class='ocrx_word' id='word_1_24' title='bbox 988 285 1085 316; x_wconf 77' lang='lat' dir='ltr'><strong>fidem</strong></span> 
     </span>
     <span class='ocr_line' id='line_1_4' title="bbox 119 332 1085 371; baseline -0.013 -2"><span class='ocrx_word' id='word_1_25' title='bbox 119 348 194 370; x_wconf 85' lang='lat' dir='ltr'><strong>esse</strong></span> <span class='ocrx_word' id='word_1_26' title='bbox 218 347 281 368; x_wconf 87' lang='lat' dir='ltr'><strong>non</strong></span> <span class='ocrx_word' id='word_1_27' title='bbox 307 343 428 365; x_wconf 85' lang='lat' dir='ltr'><strong>tantum</strong></span> <span class='ocrx_word' id='word_1_28' title='bbox 453 334 588 364; x_wconf 80' lang='lat' dir='ltr'><strong>cre-lere</strong></span> <span class='ocrx_word' id='word_1_29' title='bbox 611 332 837 362; x_wconf 76' lang='lat' dir='ltr'>remissionem</span> <span class='ocrx_word' id='word_1_30' title='bbox 864 336 1085 371; x_wconf 85' lang='lat' dir='ltr'><strong>peccatorum,</strong></span> 
     </span>
     <span class='ocr_line' id='line_1_5' title="bbox 119 373 1084 415; baseline -0.015 -3"><span class='ocrx_word' id='word_1_31' title='bbox 119 381 178 412; x_wconf 87' lang='lat' dir='ltr'><strong>sed</strong></span> <span class='ocrx_word' id='word_1_32' title='bbox 197 381 291 411; x_wconf 80' lang='lat' dir='ltr'><strong>etiam</strong></span> <span class='ocrx_word' id='word_1_33' title='bbox 316 378 378 408; x_wconf 82' lang='lat' dir='ltr'><strong>hoc</strong></span> <span class='ocrx_word' id='word_1_34' title='bbox 397 377 556 408; x_wconf 77' lang='lat' dir='ltr'>accedere</span> <span class='ocrx_word' id='word_1_35' title='bbox 576 382 740 415; x_wconf 75' lang='lat' dir='ltr'><strong>oportere.</strong></span> <span class='ocrx_word' id='word_1_36' title='bbox 763 380 797 405; x_wconf 90' lang='lat' dir='ltr'><strong>ut</strong></span> <span class='ocrx_word' id='word_1_37' title='bbox 812 373 998 408; x_wconf 85' lang='lat' dir='ltr'><strong>credamus,</strong></span> <span class='ocrx_word' id='word_1_38' title='bbox 1022 379 1084 399; x_wconf 86' lang='lat' dir='ltr'><strong>nos</strong></span> 
     </span>
     <span class='ocr_line' id='line_1_6' title="bbox 119 413 1085 466; baseline -0.012 -12"><span class='ocrx_word' id='word_1_39' title='bbox 119 431 193 466; x_wconf 82' lang='lat' dir='ltr'><strong>post</strong></span> <span class='ocrx_word' id='word_1_40' title='bbox 218 421 491 453; x_wconf 84' lang='lat' dir='ltr'><strong>condonationem</strong></span> <span class='ocrx_word' id='word_1_41' title='bbox 515 424 724 459; x_wconf 80' lang='lat' dir='ltr'><strong>pcccatorum</strong></span> <span class='ocrx_word' id='word_1_42' title='bbox 749 416 878 447; x_wconf 85' lang='lat' dir='ltr'><strong>delendi</strong></span> <span class='ocrx_word' id='word_1_43' title='bbox 910 421 942 445; x_wconf 85' lang='lat' dir='ltr'><strong>et</strong></span> <span class='ocrx_word' id='word_1_44' title='bbox 971 413 1040 453; x_wconf 77' lang='lat' dir='ltr'><strong>regi</strong></span> <span class='ocrx_word' id='word_1_45' title='bbox 1065 421 1085 442; x_wconf 87' lang='lat' dir='ltr'><strong>a</strong></span> 
     </span>
     <span class='ocr_line' id='line_1_7' title="bbox 120 455 1083 502; baseline -0.013 -5"><span class='ocrx_word' id='word_1_46' title='bbox 120 467 202 498; x_wconf 82' lang='lat' dir='ltr'><strong>Deo.</strong></span> <span class='ocrx_word' id='word_1_47' title='bbox 259 464 316 494; x_wconf 81' lang='lat' dir='ltr'><strong>Est</strong></span> <span class='ocrx_word' id='word_1_48' title='bbox 347 463 480 499; x_wconf 62' lang='lat' dir='ltr'><strong>meon)</strong></span> <span class='ocrx_word' id='word_1_49' title='bbox 510 470 641 502; x_wconf 83' lang='lat' dir='ltr'><strong>quoque</strong></span> <span class='ocrx_word' id='word_1_50' title='bbox 665 459 868 495; x_wconf 85' lang='lat' dir='ltr'><strong>docendum,</strong></span> <span class='ocrx_word' id='word_1_51' title='bbox 904 455 1083 487; x_wconf 76' lang='lat' dir='ltr'><strong>condonari</strong></span> 
     </span>
     <span class='ocr_line' id='line_1_8' title="bbox 118 498 1084 547; baseline -0.014 -7"><span class='ocrx_word' id='word_1_52' title='bbox 118 510 214 540; x_wconf 85' lang='lat' dir='ltr'><strong>nobis</strong></span> <span class='ocrx_word' id='word_1_53' title='bbox 238 513 376 547; x_wconf 84' lang='lat' dir='ltr'><strong>peccata</strong></span> <span class='ocrx_word' id='word_1_54' title='bbox 400 515 464 536; x_wconf 88' lang='lat' dir='ltr'><strong>non</strong></span> <span class='ocrx_word' id='word_1_55' title='bbox 489 511 622 545; x_wconf 85' lang='lat' dir='ltr'><strong>propter</strong></span> <span class='ocrx_word' id='word_1_56' title='bbox 646 509 758 533; x_wconf 64' lang='grc' dir='ltr'><strong>[ιη-,ιω</strong></span> <span class='ocrx_word' id='word_1_57' title='bbox 782 501 908 536; x_wconf 87' lang='lat' dir='ltr'><strong>merita,</strong></span> <span class='ocrx_word' id='word_1_58' title='bbox 933 498 991 529; x_wconf 87' lang='lat' dir='ltr'><strong>sed</strong></span> <span class='ocrx_word' id='word_1_59' title='bbox 1012 506 1084 538; x_wconf 86' lang='lat' dir='ltr'><strong>pro-</strong></span> 
     </span>
     <span class='ocr_line' id='line_1_9' title="bbox 119 543 1084 593; baseline -0.013 -11"><span class='ocrx_word' id='word_1_60' title='bbox 119 558 189 593; x_wconf 84' lang='lat' dir='ltr'><strong>pter</strong></span> <span class='ocrx_word' id='word_1_61' title='bbox 211 550 394 584; x_wconf 78' lang='lat' dir='ltr'><strong>Christum,</strong></span> <span class='ocrx_word' id='word_1_62' title='bbox 429 548 520 587; x_wconf 81' lang='lat' dir='ltr'><strong>quia,</strong></span> <span class='ocrx_word' id='word_1_63' title='bbox 554 547 582 577; x_wconf 83' lang='lat' dir='ltr'><strong>si</strong></span> <span class='ocrx_word' id='word_1_64' title='bbox 606 545 720 576; x_wconf 84' lang='lat' dir='ltr'><strong>merita</strong></span> <span class='ocrx_word' id='word_1_65' title='bbox 751 550 865 574; x_wconf 68' lang='lat' dir='ltr'><strong>nostra</strong></span> <span class='ocrx_word' id='word_1_66' title='bbox 893 543 1084 572; x_wconf 83' lang='lat' dir='ltr'><strong>iuberentur</strong></span> 
     </span>
    </p>
   </div>
   <div class='ocr_carea' id='block_1_3' title="bbox 118 583 2116 704">
    <p class='ocr_par' dir='ltr' id='par_1_3' title="bbox 118 583 2116 704">
     <span class='ocr_line' id='line_1_10' title="bbox 118 583 2016 635; baseline -0.012 -10"><span class='ocrx_word' id='word_1_67' title='bbox 118 593 254 635; x_wconf 77' lang='lat' dir='ltr'><strong>respici,</strong></span> <span class='ocrx_word' id='word_1_68' title='bbox 283 591 504 622; x_wconf 78' lang='lat' dir='ltr'><strong>conscientiae</strong></span> <span class='ocrx_word' id='word_1_69' title='bbox 528 599 653 623; x_wconf 80' lang='lat' dir='ltr'><strong>eorum,</strong></span> <span class='ocrx_word' id='word_1_70' title='bbox 683 587 736 628; x_wconf 84' lang='lat' dir='ltr'><strong>qui</strong></span> <span class='ocrx_word' id='word_1_71' title='bbox 761 584 849 616; x_wconf 84' lang='lat' dir='ltr'><strong>nulla</strong></span> <span class='ocrx_word' id='word_1_72' title='bbox 873 583 995 615; x_wconf 83' lang='lat' dir='ltr'><strong>habent</strong></span> <span class='ocrx_word' id='word_1_73' title='bbox 1018 591 1084 613; x_wconf 91' lang='lat' dir='ltr'><strong>me-</strong></span> <span class='ocrx_word' id='word_1_74' title='bbox 1107 603 1110 614; x_wconf 93' lang='lat'><strong>.</strong></span> <span class='ocrx_word' id='word_1_75' title='bbox 1207 623 1214 631; x_wconf 49' lang='grc'><strong><em>.</em></strong></span> <span class='ocrx_word' id='word_1_76' title='bbox 1258 625 1265 630; x_wconf 37' lang='grc'>1</span> <span class='ocrx_word' id='word_1_77' title='bbox 1705 625 1712 630; x_wconf 87' lang='lat'><strong>.</strong></span> <span class='ocrx_word' id='word_1_78' title='bbox 2009 625 2016 631; x_wconf 47' lang='grc'><em>·</em></span> 
     </span>
     <span class='ocr_line' id='line_1_11' title="bbox 1106 623 2116 704; baseline 0.002 -50"><span class='ocrx_word' id='word_1_79' title='bbox 1106 628 1110 704; x_wconf 45' lang='grc' dir='ltr'><strong><em>ι</em></strong></span> <span class='ocrx_word' id='word_1_80' title='bbox 1135 629 1618 664; x_wconf 78' lang='lat' dir='ltr'><strong>remissionempeccatorum),</strong></span> <span class='ocrx_word' id='word_1_81' title='bbox 1641 625 1683 655; x_wconf 86' lang='lat' dir='ltr'><strong>ad</strong></span> <span class='ocrx_word' id='word_1_82' title='bbox 1704 623 1795 655; x_wconf 77' lang='lat' dir='ltr'><strong>illum</strong></span> <span class='ocrx_word' id='word_1_83' title='bbox 1815 625 1943 656; x_wconf 88' lang='lat' dir='ltr'><strong>omneis</strong></span> <span class='ocrx_word' id='word_1_84' title='bbox 1956 623 2116 657; x_wconf 77' lang='lat' dir='ltr'><strong>articulos</strong></span> 
     </span>
    </p>
   </div>
   <div class='ocr_carea' id='block_1_4' title="bbox 117 631 1084 799">
    <p class='ocr_par' dir='ltr' id='par_1_4' title="bbox 117 631 783 676">
     <span class='ocr_line' id='line_1_12' title="bbox 117 631 783 676; baseline -0.014 -8"><span class='ocrx_word' id='word_1_85' title='bbox 117 638 190 674; x_wconf 82' lang='lat' dir='ltr'><strong>rita,</strong></span> <span class='ocrx_word' id='word_1_86' title='bbox 215 635 424 676; x_wconf 73' lang='lat' dir='ltr'>adigerentur</span> <span class='ocrx_word' id='word_1_87' title='bbox 446 633 486 663; x_wconf 90' lang='lat' dir='ltr'><strong>ad</strong></span> <span class='ocrx_word' id='word_1_88' title='bbox 512 631 783 672; x_wconf 76' lang='lat' dir='ltr'>desperationem.</span> 
     </span>
    </p>

    <p class='ocr_par' dir='ltr' id='par_1_5' title="bbox 118 668 1084 799">
     <span class='ocr_line' id='line_1_13' title="bbox 202 668 1084 714; baseline -0.011 -7"><span class='ocrx_word' id='word_1_89' title='bbox 202 678 279 709; x_wconf 83' lang='lat' dir='ltr'><strong>Item</strong></span> <span class='ocrx_word' id='word_1_90' title='bbox 308 683 381 707; x_wconf 76' lang='lat' dir='ltr'><strong>sunt</strong></span> <span class='ocrx_word' id='word_1_91' title='bbox 411 675 566 706; x_wconf 83' lang='lat' dir='ltr'><strong>docendi.</strong></span> <span class='ocrx_word' id='word_1_92' title='bbox 596 673 682 714; x_wconf 72' lang='lat' dir='ltr'><strong>quod</strong></span> <span class='ocrx_word' id='word_1_93' title='bbox 717 672 812 702; x_wconf 88' lang='lat' dir='ltr'><strong>etiam</strong></span> <span class='ocrx_word' id='word_1_94' title='bbox 846 670 873 699; x_wconf 91' lang='lat' dir='ltr'><strong>si</strong></span> <span class='ocrx_word' id='word_1_95' title='bbox 904 668 1084 699; x_wconf 80' lang='lat' dir='ltr'><strong>habeamus</strong></span> 
     </span>
     <span class='ocr_line' id='line_1_14' title="bbox 118 708 1083 759; baseline -0.016 -6"><span class='ocrx_word' id='word_1_96' title='bbox 118 723 231 753; x_wconf 85' lang='lat' dir='ltr'><strong>merita</strong></span> <span class='ocrx_word' id='word_1_97' title='bbox 254 728 284 751; x_wconf 89' lang='lat' dir='ltr'><strong>ct</strong></span> <span class='ocrx_word' id='word_1_98' title='bbox 310 721 394 750; x_wconf 83' lang='lat' dir='ltr'><strong>bona</strong></span> <span class='ocrx_word' id='word_1_99' title='bbox 419 727 530 759; x_wconf 85' lang='lat' dir='ltr'><strong>opera,</strong></span> <span class='ocrx_word' id='word_1_100' title='bbox 554 724 658 746; x_wconf 80' lang='lat' dir='ltr'><strong>tamen</strong></span> <span class='ocrx_word' id='word_1_101' title='bbox 680 725 718 745; x_wconf 86' lang='lat' dir='ltr'><strong>ea</strong></span> <span class='ocrx_word' id='word_1_102' title='bbox 741 723 805 743; x_wconf 91' lang='lat' dir='ltr'><strong>non</strong></span> <span class='ocrx_word' id='word_1_103' title='bbox 820 711 930 742; x_wconf 79' lang='lat' dir='ltr'><strong>valent</strong></span> <span class='ocrx_word' id='word_1_104' title='bbox 953 710 994 740; x_wconf 87' lang='lat' dir='ltr'><strong>ad</strong></span> <span class='ocrx_word' id='word_1_105' title='bbox 1013 708 1083 750; x_wconf 89' lang='lat' dir='ltr'><strong>pla-</strong></span> 
     </span>
     <span class='ocr_line' id='line_1_15' title="bbox 118 752 1083 799; baseline -0.013 -4"><span class='ocrx_word' id='word_1_106' title='bbox 118 764 257 796; x_wconf 88' lang='lat' dir='ltr'><strong>candum</strong></span> <span class='ocrx_word' id='word_1_107' title='bbox 281 762 405 799; x_wconf 89' lang='lat' dir='ltr'><strong>Deum,</strong></span> <span class='ocrx_word' id='word_1_108' title='bbox 435 762 524 791; x_wconf 78' lang='lat' dir='ltr'><strong>iuxta</strong></span> <span class='ocrx_word' id='word_1_109' title='bbox 547 757 645 789; x_wconf 91' lang='lat' dir='ltr'><strong>illud:</strong></span> <span class='ocrx_word' id='word_1_110' title='bbox 681 756 805 793; x_wconf 80' lang='lat' dir='ltr'><strong>Dicite,</strong></span> <span class='ocrx_word' id='word_1_111' title='bbox 838 752 970 785; x_wconf 81' lang='lat' dir='ltr'><strong>inutiles</strong></span> <span class='ocrx_word' id='word_1_112' title='bbox 993 753 1083 783; x_wconf 87' lang='lat' dir='ltr'><strong>servi</strong></span> 
     </span>
    </p>
   </div>
   <div class='ocr_carea' id='block_1_5' title="bbox 1108 237 2119 623">
    <p class='ocr_par' dir='ltr' id='par_1_6' title="bbox 1138 237 2119 281">
     <span class='ocr_line' id='line_1_16' title="bbox 1138 237 2119 281; baseline 0.002 -11"><span class='ocrx_word' id='word_1_113' title='bbox 1138 241 1283 275; x_wconf 88' lang='lat' dir='ltr'><strong>Quorum</strong></span> <span class='ocrx_word' id='word_1_114' title='bbox 1308 248 1395 268; x_wconf 84' lang='lat' dir='ltr'><strong>nunc</strong></span> <span class='ocrx_word' id='word_1_115' title='bbox 1414 239 1514 280; x_wconf 85' lang='lat' dir='ltr'><strong>pudet</strong></span> <span class='ocrx_word' id='word_1_116' title='bbox 1536 249 1610 270; x_wconf 62' lang='grc' dir='ltr'><strong>νος.</strong></span> <span class='ocrx_word' id='word_1_117' title='bbox 1656 238 1751 270; x_wconf 86' lang='lat' dir='ltr'><strong>Rom.</strong></span> <span class='ocrx_word' id='word_1_118' title='bbox 1763 238 1795 271; x_wconf 87' lang='grc'><strong>8.</strong></span> <span class='ocrx_word' id='word_1_119' title='bbox 1829 239 1864 269; x_wconf 93' lang='lat' dir='ltr'><strong>Si</strong></span> <span class='ocrx_word' id='word_1_120' title='bbox 1889 239 2007 281; x_wconf 77' lang='lat' dir='ltr'><strong>spiritu</strong></span> <span class='ocrx_word' id='word_1_121' title='bbox 2029 237 2119 272; x_wconf 82' lang='lat' dir='ltr'><strong>sacta</strong></span> 
     </span>
    </p>

    <p class='ocr_par' dir='ltr' id='par_1_7' title="bbox 1108 281 2118 623">
     <span class='ocr_line' id='line_1_17' title="bbox 1108 281 1642 322; baseline -0.002 -9"><span class='ocrx_word' id='word_1_122' title='bbox 1108 299 1111 321; x_wconf 75' lang='lat'>1</span> <span class='ocrx_word' id='word_1_123' title='bbox 1138 283 1248 313; x_wconf 85' lang='lat' dir='ltr'><strong>carnis</strong></span> <span class='ocrx_word' id='word_1_124' title='bbox 1270 281 1489 322; x_wconf 71' lang='lat' dir='ltr'><strong>mortificatis,</strong></span> <span class='ocrx_word' id='word_1_125' title='bbox 1511 282 1642 313; x_wconf 79' lang='lat' dir='ltr'><strong>vivetis·</strong></span> 
     </span>
     <span class='ocr_line' id='line_1_18' title="bbox 1222 323 2117 366; baseline 0.002 -12"><span class='ocrx_word' id='word_1_126' title='bbox 1222 323 1355 355; x_wconf 81' lang='lat' dir='ltr'><strong>Debent</strong></span> <span class='ocrx_word' id='word_1_127' title='bbox 1399 330 1508 355; x_wconf 79' lang='lat' dir='ltr'><strong>autem</strong></span> <span class='ocrx_word' id='word_1_128' title='bbox 1554 330 1708 365; x_wconf 85' lang='lat' dir='ltr'><strong>pastores</strong></span> <span class='ocrx_word' id='word_1_129' title='bbox 1747 333 1904 355; x_wconf 82' lang='lat' dir='ltr'><strong>enarrare</strong></span> <span class='ocrx_word' id='word_1_130' title='bbox 1938 323 2117 366; x_wconf 80' lang='lat' dir='ltr'>symbolon</span> 
     </span>
     <span class='ocr_line' id='line_1_19' title="bbox 1108 365 2118 407; baseline 0.001 -10"><span class='ocrx_word' id='word_1_131' title='bbox 1108 378 1111 390; x_wconf 91' lang='lat'><strong>-·</strong></span> <span class='ocrx_word' id='word_1_132' title='bbox 1139 365 1374 407; x_wconf 70' lang='lat' dir='ltr'><strong>Apostolorum</strong></span> <span class='ocrx_word' id='word_1_133' title='bbox 1399 367 1563 398; x_wconf 83' lang='lat' dir='ltr'><strong>ecclesiis.</strong></span> <span class='ocrx_word' id='word_1_134' title='bbox 1620 367 1760 402; x_wconf 79' lang='lat' dir='ltr'><strong>Quidam</strong></span> <span class='ocrx_word' id='word_1_135' title='bbox 1789 368 1954 398; x_wconf 81' lang='lat' dir='ltr'><strong>somniant</strong></span> <span class='ocrx_word' id='word_1_136' title='bbox 1978 368 2118 399; x_wconf 85' lang='lat' dir='ltr'><strong>credere</strong></span> 
     </span>
     <span class='ocr_line' id='line_1_20' title="bbox 1137 409 2117 452; baseline 0.002 -12"><span class='ocrx_word' id='word_1_137' title='bbox 1137 419 1212 440; x_wconf 81' lang='lat' dir='ltr'><strong>esse</strong></span> <span class='ocrx_word' id='word_1_138' title='bbox 1236 409 1286 447; x_wconf 90' lang='lat' dir='ltr'><strong>id,</strong></span> <span class='ocrx_word' id='word_1_139' title='bbox 1309 410 1396 451; x_wconf 84' lang='lat' dir='ltr'><strong>quod</strong></span> <span class='ocrx_word' id='word_1_140' title='bbox 1421 416 1535 441; x_wconf 88' lang='lat' dir='ltr'><strong>tenere</strong></span> <span class='ocrx_word' id='word_1_141' title='bbox 1558 410 1728 441; x_wconf 76' lang='lat' dir='ltr'><strong>historiam</strong></span> <span class='ocrx_word' id='word_1_142' title='bbox 1754 410 1795 440; x_wconf 86' lang='lat' dir='ltr'><strong>de</strong></span> <span class='ocrx_word' id='word_1_143' title='bbox 1825 409 1977 449; x_wconf 86' lang='lat' dir='ltr'><strong>Christo,</strong></span> <span class='ocrx_word' id='word_1_144' title='bbox 2010 420 2117 452; x_wconf 84' lang='lat' dir='ltr'><strong>eaque</strong></span> 
     </span>
     <span class='ocr_line' id='line_1_21' title="bbox 1136 451 2116 495; baseline 0.003 -13"><span class='ocrx_word' id='word_1_145' title='bbox 1136 452 1291 493; x_wconf 79' lang='lat' dir='ltr'><strong>cognita,</strong></span> <span class='ocrx_word' id='word_1_146' title='bbox 1313 451 1484 483; x_wconf 74' lang='lat' dir='ltr'><strong>iustificari</strong></span> <span class='ocrx_word' id='word_1_147' title='bbox 1514 451 1673 484; x_wconf 83' lang='lat' dir='ltr'><strong>homines.</strong></span> <span class='ocrx_word' id='word_1_148' title='bbox 1722 452 1846 484; x_wconf 86' lang='lat' dir='ltr'><strong>Verum</strong></span> <span class='ocrx_word' id='word_1_149' title='bbox 1877 451 1910 483; x_wconf 88' lang='lat' dir='ltr'><strong>hi</strong></span> <span class='ocrx_word' id='word_1_150' title='bbox 1933 452 2036 495; x_wconf 86' lang='lat' dir='ltr'><strong>longe</strong></span> <span class='ocrx_word' id='word_1_151' title='bbox 2058 454 2116 485; x_wconf 87' lang='lat' dir='ltr'><strong>ab·</strong></span> 
     </span>
     <span class='ocr_line' id='line_1_22' title="bbox 1108 492 2116 537; baseline 0.002 -11"><span class='ocrx_word' id='word_1_152' title='bbox 1108 492 1110 526; x_wconf 83' lang='lat' dir='ltr'><strong>i</strong></span> <span class='ocrx_word' id='word_1_153' title='bbox 1136 501 1257 526; x_wconf 86' lang='lat' dir='ltr'><strong>errant.</strong></span> <span class='ocrx_word' id='word_1_154' title='bbox 1302 495 1385 526; x_wconf 85' lang='lat' dir='ltr'><strong>Nam</strong></span> <span class='ocrx_word' id='word_1_155' title='bbox 1408 505 1447 527; x_wconf 86' lang='lat' dir='ltr'><strong>ea</strong></span> <span class='ocrx_word' id='word_1_156' title='bbox 1470 495 1599 527; x_wconf 84' lang='lat' dir='ltr'><strong>demum</strong></span> <span class='ocrx_word' id='word_1_157' title='bbox 1625 496 1707 527; x_wconf 76' lang='lat' dir='ltr'><strong>tides</strong></span> <span class='ocrx_word' id='word_1_158' title='bbox 1730 495 1897 533; x_wconf 80' lang='lat' dir='ltr'><strong>iustificat,</strong></span> <span class='ocrx_word' id='word_1_159' title='bbox 1921 506 2021 537; x_wconf 88' lang='lat' dir='ltr'><strong>quum</strong></span> <span class='ocrx_word' id='word_1_160' title='bbox 2045 506 2116 528; x_wconf 87' lang='lat' dir='ltr'><strong>cre-</strong></span> 
     </span>
     <span class='ocr_line' id='line_1_23' title="bbox 1108 538 2118 579; baseline 0.002 -11"><span class='ocrx_word' id='word_1_161' title='bbox 1108 539 1109 557; x_wconf 59' lang='lat'><em>*</em></span> <span class='ocrx_word' id='word_1_162' title='bbox 1136 538 1181 568; x_wconf 85' lang='lat' dir='ltr'><strong>dit</strong></span> <span class='ocrx_word' id='word_1_163' title='bbox 1211 538 1437 569; x_wconf 83' lang='lat' dir='ltr'><strong>remissionem</strong></span> <span class='ocrx_word' id='word_1_164' title='bbox 1466 544 1688 579; x_wconf 82' lang='lat' dir='ltr'><strong>peccatorum.</strong></span> <span class='ocrx_word' id='word_1_165' title='bbox 1735 538 1813 569; x_wconf 83' lang='lat' dir='ltr'><strong>ldeo</strong></span> <span class='ocrx_word' id='word_1_166' title='bbox 1844 539 1876 569; x_wconf 86' lang='lat' dir='ltr'><strong>in</strong></span> <span class='ocrx_word' id='word_1_167' title='bbox 1907 539 2118 570; x_wconf 82' lang='lat' dir='ltr'><strong>enarratione</strong></span> 
     </span>
     <span class='ocr_line' id='line_1_24' title="bbox 1135 579 2116 623; baseline 0.003 -13"><span class='ocrx_word' id='word_1_168' title='bbox 1135 579 1278 622; x_wconf 87' lang='lat' dir='ltr'><strong>symboli</strong></span> <span class='ocrx_word' id='word_1_169' title='bbox 1301 581 1433 612; x_wconf 86' lang='lat' dir='ltr'><strong>iubeant</strong></span> <span class='ocrx_word' id='word_1_170' title='bbox 1461 581 1503 612; x_wconf 87' lang='lat' dir='ltr'><strong>ad</strong></span> <span class='ocrx_word' id='word_1_171' title='bbox 1533 591 1607 612; x_wconf 91' lang='lat' dir='ltr'><strong>eum</strong></span> <span class='ocrx_word' id='word_1_172' title='bbox 1637 581 1811 612; x_wconf 87' lang='lat' dir='ltr'><strong>articulum</strong></span> <span class='ocrx_word' id='word_1_173' title='bbox 1840 581 1961 623; x_wconf 82' lang='lat' dir='ltr'><strong>respici</strong></span> <span class='ocrx_word' id='word_1_174' title='bbox 1991 581 2116 619; x_wconf 88' lang='lat' dir='ltr'><strong>(Credo</strong></span> 
     </span>
    </p>
   </div>
   <div class='ocr_carea' id='block_1_6' title="bbox 1135 666 1845 708">
    <p class='ocr_par' dir='ltr' id='par_1_8' title="bbox 1135 666 1845 708">
     <span class='ocr_line' id='line_1_25' title="bbox 1135 666 1845 708; baseline 0.003 -11"><span class='ocrx_word' id='word_1_175' title='bbox 1135 666 1326 708; x_wconf 78' lang='lat' dir='ltr'><strong>superiores</strong></span> <span class='ocrx_word' id='word_1_176' title='bbox 1350 666 1572 698; x_wconf 77' lang='lat' dir='ltr'><strong>conferendos</strong></span> <span class='ocrx_word' id='word_1_177' title='bbox 1595 677 1674 699; x_wconf 82' lang='lat' dir='ltr'><strong>csse</strong></span> <span class='ocrx_word' id='word_1_178' title='bbox 1696 667 1845 699; x_wconf 81' lang='lat' dir='ltr'><strong>doceant·</strong></span> 
     </span>
    </p>
   </div>
   <div class='ocr_carea' id='block_1_7' title="bbox 1106 705 1742 793">
    <p class='ocr_par' dir='ltr' id='par_1_9' title="bbox 1106 705 1742 793">
     <span class='ocr_line' id='line_1_26' title="bbox 1106 705 1742 793; baseline 0.002 -1"><span class='ocrx_word' id='word_1_179' title='bbox 1106 705 1110 780; x_wconf 73' lang='grc' dir='ltr'>Ι</span> <span class='ocrx_word' id='word_1_180' title='bbox 1498 759 1560 792; x_wconf 89' lang='lat' dir='ltr'><strong>DE</strong></span> <span class='ocrx_word' id='word_1_181' title='bbox 1583 759 1742 793; x_wconf 84' lang='lat' dir='ltr'><strong>CRUCE.</strong></span> 
     </span>
    </p>
   </div>
   <div class='ocr_carea' id='block_1_8' title="bbox 116 781 1109 839">
    <p class='ocr_par' dir='ltr' id='par_1_10' title="bbox 116 781 1109 839">
     <span class='ocr_line' id='line_1_27' title="bbox 116 781 1109 839; baseline -0.012 -1"><span class='ocrx_word' id='word_1_182' title='bbox 116 817 249 839; x_wconf 80' lang='lat' dir='ltr'><strong>sumus,</strong></span> <span class='ocrx_word' id='word_1_183' title='bbox 277 805 372 835; x_wconf 90' lang='lat' dir='ltr'><strong>ltem:</strong></span> <span class='ocrx_word' id='word_1_184' title='bbox 406 803 480 834; x_wconf 88' lang='lat' dir='ltr'><strong>Non</strong></span> <span class='ocrx_word' id='word_1_185' title='bbox 505 800 730 832; x_wconf 74' lang='lat' dir='ltr'><strong>iustificabitur</strong></span> <span class='ocrx_word' id='word_1_186' title='bbox 759 799 790 829; x_wconf 89' lang='lat' dir='ltr'><strong>in</strong></span> <span class='ocrx_word' id='word_1_187' title='bbox 821 801 1003 837; x_wconf 75' lang='lat' dir='ltr'><strong>conspectu</strong></span> <span class='ocrx_word' id='word_1_188' title='bbox 1026 802 1082 827; x_wconf 94' lang='lat' dir='ltr'><strong>tuo</strong></span> <span class='ocrx_word' id='word_1_189' title='bbox 1106 781 1109 826; x_wconf 77' lang='lat' dir='ltr'><strong>l</strong></span> 
     </span>
    </p>
   </div>
   <div class='ocr_carea' id='block_1_9' title="bbox 115 839 1084 929">
    <p class='ocr_par' dir='ltr' id='par_1_11' title="bbox 115 839 1084 929">
     <span class='ocr_line' id='line_1_28' title="bbox 117 839 1082 885; baseline -0.012 -5"><span class='ocrx_word' id='word_1_190' title='bbox 117 850 222 881; x_wconf 85' lang='lat' dir='ltr'><strong>omnis</strong></span> <span class='ocrx_word' id='word_1_191' title='bbox 243 849 368 879; x_wconf 73' lang='lat' dir='ltr'><strong>vivens.</strong></span> <span class='ocrx_word' id='word_1_192' title='bbox 413 846 478 876; x_wconf 73' lang='lat' dir='ltr'><strong>Sed</strong></span> <span class='ocrx_word' id='word_1_193' title='bbox 503 844 588 885; x_wconf 83' lang='lat' dir='ltr'><strong>quod</strong></span> <span class='ocrx_word' id='word_1_194' title='bbox 613 842 764 873; x_wconf 76' lang='lat' dir='ltr'><strong>Christus</strong></span> <span class='ocrx_word' id='word_1_195' title='bbox 783 839 1014 871; x_wconf 74' lang='lat' dir='ltr'><strong>satisfactione</strong></span> <span class='ocrx_word' id='word_1_196' title='bbox 1035 839 1082 869; x_wconf 86' lang='lat' dir='ltr'><strong>iu-</strong></span> 
     </span>
     <span class='ocr_line' id='line_1_29' title="bbox 115 879 1084 929; baseline -0.011 -6"><span class='ocrx_word' id='word_1_197' title='bbox 115 891 304 922; x_wconf 75' lang='lat' dir='ltr'><strong>stificamur.</strong></span> <span class='ocrx_word' id='word_1_198' title='bbox 350 890 405 921; x_wconf 84' lang='lat' dir='ltr'><strong>Sic</strong></span> <span class='ocrx_word' id='word_1_199' title='bbox 428 889 526 929; x_wconf 80' lang='lat' dir='ltr'><strong>igitur</strong></span> <span class='ocrx_word' id='word_1_200' title='bbox 549 884 721 927; x_wconf 77' lang='lat' dir='ltr'><strong>diligenter</strong></span> <span class='ocrx_word' id='word_1_201' title='bbox 742 883 937 915; x_wconf 85' lang='lat' dir='ltr'><strong>ostendatur</strong></span> <span class='ocrx_word' id='word_1_202' title='bbox 959 879 1084 923; x_wconf 77' lang='lat' dir='ltr'><strong>&#39;populo</strong></span> 
     </span>
    </p>
   </div>
   <div class='ocr_carea' id='block_1_10' title="bbox 67 924 1083 969">
    <p class='ocr_par' dir='ltr' id='par_1_12' title="bbox 67 924 1083 969">
     <span class='ocr_line' id='line_1_30' title="bbox 67 924 1083 969; baseline -0.012 -3"><span class='ocrx_word' id='word_1_203' title='bbox 67 956 76 965; x_wconf 77' lang='grc'><strong>.</strong></span> <span class='ocrx_word' id='word_1_204' title='bbox 116 934 286 969; x_wconf 80' lang='lat' dir='ltr'><strong>Christus,</strong></span> <span class='ocrx_word' id='word_1_205' title='bbox 317 943 376 963; x_wconf 90' lang='lat' dir='ltr'><strong>cur</strong></span> <span class='ocrx_word' id='word_1_206' title='bbox 399 930 523 962; x_wconf 67' lang='lat' dir='ltr'><strong>miserit</strong></span> <span class='ocrx_word' id='word_1_207' title='bbox 546 939 618 959; x_wconf 89' lang='lat' dir='ltr'><strong>eum</strong></span> <span class='ocrx_word' id='word_1_208' title='bbox 643 927 759 964; x_wconf 84' lang='lat' dir='ltr'><strong>Pater,</strong></span> <span class='ocrx_word' id='word_1_209' title='bbox 783 933 816 957; x_wconf 88' lang='lat' dir='ltr'><strong>ut</strong></span> <span class='ocrx_word' id='word_1_210' title='bbox 838 924 966 957; x_wconf 85' lang='lat' dir='ltr'><strong>scilicet</strong></span> <span class='ocrx_word' id='word_1_211' title='bbox 989 924 1083 955; x_wconf 87' lang='lat' dir='ltr'><strong>satis-</strong></span> 
     </span>
    </p>
   </div>
   <div class='ocr_carea' id='block_1_11' title="bbox 114 967 1086 1404">
    <p class='ocr_par' dir='ltr' id='par_1_13' title="bbox 115 967 1083 1136">
     <span class='ocr_line' id='line_1_31' title="bbox 115 967 1083 1017; baseline -0.01 -9"><span class='ocrx_word' id='word_1_212' title='bbox 115 975 239 1008; x_wconf 68' lang='lat' dir='ltr'><strong>faceret</strong></span> <span class='ocrx_word' id='word_1_213' title='bbox 258 985 316 1017; x_wconf 81' lang='lat' dir='ltr'><strong>pro</strong></span> <span class='ocrx_word' id='word_1_214' title='bbox 341 975 486 1015; x_wconf 86' lang='lat' dir='ltr'><strong>peccatis</strong></span> <span class='ocrx_word' id='word_1_215' title='bbox 507 971 642 1009; x_wconf 66' lang='lat' dir='ltr'><strong>nostris,</strong></span> <span class='ocrx_word' id='word_1_216' title='bbox 666 976 697 1001; x_wconf 86' lang='lat' dir='ltr'><strong>ct</strong></span> <span class='ocrx_word' id='word_1_217' title='bbox 715 976 750 1000; x_wconf 85' lang='lat' dir='ltr'><strong>ut</strong></span> <span class='ocrx_word' id='word_1_218' title='bbox 768 976 903 1011; x_wconf 88' lang='lat' dir='ltr'><strong>propter</strong></span> <span class='ocrx_word' id='word_1_219' title='bbox 916 967 1083 999; x_wconf 67' lang='lat' dir='ltr'><strong>Christum</strong></span> 
     </span>
     <span class='ocr_line' id='line_1_32' title="bbox 115 1013 1082 1059; baseline -0.01 -8"><span class='ocrx_word' id='word_1_220' title='bbox 115 1019 258 1059; x_wconf 86' lang='lat' dir='ltr'><strong>receptis</strong></span> <span class='ocrx_word' id='word_1_221' title='bbox 287 1019 318 1049; x_wconf 88' lang='lat' dir='ltr'><strong>in</strong></span> <span class='ocrx_word' id='word_1_222' title='bbox 348 1017 486 1059; x_wconf 83' lang='lat' dir='ltr'><strong>gratiam</strong></span> <span class='ocrx_word' id='word_1_223' title='bbox 515 1017 609 1047; x_wconf 87' lang='lat' dir='ltr'><strong>detur</strong></span> <span class='ocrx_word' id='word_1_224' title='bbox 632 1013 774 1055; x_wconf 80' lang='lat' dir='ltr'><strong>Spiritus</strong></span> <span class='ocrx_word' id='word_1_225' title='bbox 798 1018 951 1049; x_wconf 83' lang='lat' dir='ltr'><strong>sanctus,</strong></span> <span class='ocrx_word' id='word_1_226' title='bbox 974 1021 994 1042; x_wconf 85' lang='lat' dir='ltr'><strong>a</strong></span> <span class='ocrx_word' id='word_1_227' title='bbox 1017 1020 1082 1052; x_wconf 88' lang='lat' dir='ltr'><strong>quo</strong></span> 
     </span>
     <span class='ocr_line' id='line_1_33' title="bbox 115 1053 1083 1101; baseline -0.009 -8"><span class='ocrx_word' id='word_1_228' title='bbox 115 1061 375 1097; x_wconf 81' lang='lat' dir='ltr'><strong>sanctificentur,</strong></span> <span class='ocrx_word' id='word_1_229' title='bbox 405 1066 562 1101; x_wconf 83' lang='lat' dir='ltr'><strong>regantur</strong></span> <span class='ocrx_word' id='word_1_230' title='bbox 585 1062 618 1088; x_wconf 86' lang='lat' dir='ltr'><strong>et</strong></span> <span class='ocrx_word' id='word_1_231' title='bbox 641 1056 870 1088; x_wconf 72' lang='lat' dir='ltr'><strong>custodiantur</strong></span> <span class='ocrx_word' id='word_1_232' title='bbox 892 1053 989 1086; x_wconf 85' lang='lat' dir='ltr'><strong>electi</strong></span> <span class='ocrx_word' id='word_1_233' title='bbox 1013 1063 1083 1085; x_wconf 86' lang='lat' dir='ltr'><strong>cre-</strong></span> 
     </span>
     <span class='ocr_line' id='line_1_34' title="bbox 115 1106 240 1136; baseline -0.016 0"><span class='ocrx_word' id='word_1_234' title='bbox 115 1106 240 1136; x_wconf 85' lang='lat' dir='ltr'><strong>dentes.</strong></span> 
     </span>
    </p>

    <p class='ocr_par' dir='ltr' id='par_1_14' title="bbox 115 1140 1085 1265">
     <span class='ocr_line' id='line_1_35' title="bbox 201 1140 1084 1183; baseline -0.011 -5"><span class='ocrx_word' id='word_1_235' title='bbox 201 1147 364 1178; x_wconf 76' lang='lat' dir='ltr'><strong>Doctores</strong></span> <span class='ocrx_word' id='word_1_236' title='bbox 396 1143 546 1176; x_wconf 82' lang='lat' dir='ltr'><strong>fecerunt</strong></span> <span class='ocrx_word' id='word_1_237' title='bbox 583 1148 652 1173; x_wconf 88' lang='lat' dir='ltr'><strong>tres</strong></span> <span class='ocrx_word' id='word_1_238' title='bbox 694 1148 804 1183; x_wconf 86' lang='lat' dir='ltr'><strong>partes</strong></span> <span class='ocrx_word' id='word_1_239' title='bbox 846 1140 1084 1181; x_wconf 74' lang='lat' dir='ltr'><strong>poenitentiae:</strong></span> 
     </span>
     <span class='ocr_line' id='line_1_36' title="bbox 116 1183 1085 1223; baseline -0.008 -2"><span class='ocrx_word' id='word_1_240' title='bbox 116 1190 342 1222; x_wconf 78' lang='lat' dir='ltr'><strong>contritionem</strong></span> <span class='ocrx_word' id='word_1_241' title='bbox 368 1189 423 1223; x_wconf 79' lang='lat' dir='ltr'><strong>(de</strong></span> <span class='ocrx_word' id='word_1_242' title='bbox 446 1198 485 1219; x_wconf 87' lang='lat' dir='ltr'><strong>ea</strong></span> <span class='ocrx_word' id='word_1_243' title='bbox 507 1187 570 1217; x_wconf 82' lang='lat' dir='ltr'><strong>iam</strong></span> <span class='ocrx_word' id='word_1_244' title='bbox 594 1185 760 1222; x_wconf 75' lang='lat' dir='ltr'><strong>diximus),</strong></span> <span class='ocrx_word' id='word_1_245' title='bbox 783 1183 1028 1216; x_wconf 85' lang='lat' dir='ltr'><strong>confessionem</strong></span> <span class='ocrx_word' id='word_1_246' title='bbox 1052 1188 1085 1214; x_wconf 84' lang='lat' dir='ltr'><strong>et</strong></span> 
     </span>
     <span class='ocr_line' id='line_1_37' title="bbox 115 1232 382 1265; baseline -0.011 0"><span class='ocrx_word' id='word_1_247' title='bbox 115 1232 382 1265; x_wconf 71' lang='lat' dir='ltr'><strong>satisfactionem.</strong></span> 
     </span>
    </p>

    <p class='ocr_par' dir='ltr' id='par_1_15' title="bbox 114 1269 1086 1404">
     <span class='ocr_line' id='line_1_38' title="bbox 199 1269 1086 1311; baseline -0.007 -6"><span class='ocrx_word' id='word_1_248' title='bbox 199 1276 266 1305; x_wconf 74' lang='lat' dir='ltr'><strong>Sed</strong></span> <span class='ocrx_word' id='word_1_249' title='bbox 297 1273 478 1305; x_wconf 61' lang='lat' dir='ltr'><strong>satisfactio</strong></span> <span class='ocrx_word' id='word_1_250' title='bbox 503 1282 568 1303; x_wconf 91' lang='lat' dir='ltr'><strong>non</strong></span> <span class='ocrx_word' id='word_1_251' title='bbox 598 1278 649 1302; x_wconf 90' lang='lat' dir='ltr'><strong>est</strong></span> <span class='ocrx_word' id='word_1_252' title='bbox 677 1269 787 1311; x_wconf 78' lang='lat' dir='ltr'><strong>aliqua</strong></span> <span class='ocrx_word' id='word_1_253' title='bbox 820 1275 936 1301; x_wconf 83' lang='lat' dir='ltr'><strong>nostra</strong></span> <span class='ocrx_word' id='word_1_254' title='bbox 972 1278 1086 1310; x_wconf 88' lang='lat' dir='ltr'><strong>opera,</strong></span> 
     </span>
     <span class='ocr_line' id='line_1_39' title="bbox 115 1311 1086 1355; baseline -0.007 -6"><span class='ocrx_word' id='word_1_255' title='bbox 115 1319 173 1350; x_wconf 82' lang='lat' dir='ltr'><strong>sed</strong></span> <span class='ocrx_word' id='word_1_256' title='bbox 197 1317 359 1354; x_wconf 70' lang='lat' dir='ltr'><strong>Christus,</strong></span> <span class='ocrx_word' id='word_1_257' title='bbox 384 1317 470 1347; x_wconf 75' lang='lat' dir='ltr'><strong>sicut</strong></span> <span class='ocrx_word' id='word_1_258' title='bbox 493 1315 634 1346; x_wconf 84' lang='lat' dir='ltr'><strong>loannes</strong></span> <span class='ocrx_word' id='word_1_259' title='bbox 656 1315 711 1352; x_wconf 88' lang='lat' dir='ltr'><strong>ait,</strong></span> <span class='ocrx_word' id='word_1_260' title='bbox 733 1315 805 1355; x_wconf 89' lang='lat' dir='ltr'><strong>ipse</strong></span> <span class='ocrx_word' id='word_1_261' title='bbox 829 1319 880 1344; x_wconf 89' lang='lat' dir='ltr'><strong>est</strong></span> <span class='ocrx_word' id='word_1_262' title='bbox 898 1311 1086 1354; x_wconf 79' lang='lat' dir='ltr'><strong>propitiatio</strong></span> 
     </span>
     <span class='ocr_line' id='line_1_40' title="bbox 114 1360 500 1404; baseline -0.013 -10"><span class='ocrx_word' id='word_1_263' title='bbox 114 1373 175 1404; x_wconf 88' lang='lat' dir='ltr'><strong>pro</strong></span> <span class='ocrx_word' id='word_1_264' title='bbox 198 1361 344 1403; x_wconf 75' lang='lat' dir='ltr'><strong>peccatis</strong></span> <span class='ocrx_word' id='word_1_265' title='bbox 367 1360 500 1391; x_wconf 77' lang='lat' dir='ltr'><strong>nostris.</strong></span> 
     </span>
    </p>
   </div>
   <div class='ocr_carea' id='block_1_12' title="bbox 115 1397 1115 1655">
    <p class='ocr_par' dir='ltr' id='par_1_16' title="bbox 115 1397 1115 1655">
     <span class='ocr_line' id='line_1_41' title="bbox 200 1397 1088 1443; baseline -0.006 -10"><span class='ocrx_word' id='word_1_266' title='bbox 200 1404 371 1441; x_wconf 77' lang='lat' dir='ltr'><strong>Secundo,</strong></span> <span class='ocrx_word' id='word_1_267' title='bbox 405 1411 535 1443; x_wconf 84' lang='lat' dir='ltr'><strong>semper</strong></span> <span class='ocrx_word' id='word_1_268' title='bbox 564 1400 735 1437; x_wconf 85' lang='lat' dir='ltr'><strong>adiiciant,</strong></span> <span class='ocrx_word' id='word_1_269' title='bbox 767 1400 798 1430; x_wconf 90' lang='lat' dir='ltr'><strong>in</strong></span> <span class='ocrx_word' id='word_1_270' title='bbox 832 1399 951 1440; x_wconf 88' lang='lat' dir='ltr'><strong>quibus</strong></span> <span class='ocrx_word' id='word_1_271' title='bbox 981 1397 1088 1439; x_wconf 79' lang='lat' dir='ltr'><strong>possit</strong></span> 
     </span>
     <span class='ocr_line' id='line_1_42' title="bbox 116 1440 1088 1483; baseline -0.006 -5"><span class='ocrx_word' id='word_1_272' title='bbox 116 1457 191 1479; x_wconf 80' lang='lat' dir='ltr'><strong>esse</strong></span> <span class='ocrx_word' id='word_1_273' title='bbox 226 1447 325 1483; x_wconf 71' lang='lat' dir='ltr'><strong>fides,</strong></span> <span class='ocrx_word' id='word_1_274' title='bbox 359 1444 486 1476; x_wconf 83' lang='lat' dir='ltr'><strong>scilicet</strong></span> <span class='ocrx_word' id='word_1_275' title='bbox 527 1445 557 1474; x_wconf 92' lang='lat' dir='ltr'><strong>in</strong></span> <span class='ocrx_word' id='word_1_276' title='bbox 585 1443 685 1474; x_wconf 88' lang='lat' dir='ltr'><strong>corde</strong></span> <span class='ocrx_word' id='word_1_277' title='bbox 716 1443 868 1473; x_wconf 89' lang='lat' dir='ltr'><strong>contrito.</strong></span> <span class='ocrx_word' id='word_1_278' title='bbox 883 1444 928 1480; x_wconf 77' lang='lat'><strong>²⁶)</strong></span> <span class='ocrx_word' id='word_1_279' title='bbox 973 1440 1015 1472; x_wconf 82' lang='lat' dir='ltr'><strong>Et</strong></span> <span class='ocrx_word' id='word_1_280' title='bbox 1037 1451 1088 1472; x_wconf 89' lang='lat' dir='ltr'><strong>ar-</strong></span> 
     </span>
     <span class='ocr_line' id='line_1_43' title="bbox 116 1483 1088 1532; baseline -0.008 -10"><span class='ocrx_word' id='word_1_281' title='bbox 116 1497 215 1532; x_wconf 88' lang='lat' dir='ltr'><strong>guant</strong></span> <span class='ocrx_word' id='word_1_282' title='bbox 240 1499 310 1525; x_wconf 86' lang='lat' dir='ltr'><strong>ecs,</strong></span> <span class='ocrx_word' id='word_1_283' title='bbox 334 1489 408 1530; x_wconf 87' lang='lat' dir='ltr'><strong>quia</strong></span> <span class='ocrx_word' id='word_1_284' title='bbox 431 1487 593 1519; x_wconf 84' lang='lat' dir='ltr'><strong>somniant</strong></span> <span class='ocrx_word' id='word_1_285' title='bbox 618 1496 655 1517; x_wconf 77' lang='lat' dir='ltr'><strong>sc</strong></span> <span class='ocrx_word' id='word_1_286' title='bbox 680 1486 815 1517; x_wconf 85' lang='lat' dir='ltr'><strong>credere</strong></span> <span class='ocrx_word' id='word_1_287' title='bbox 837 1491 892 1517; x_wconf 81' lang='lat' dir='ltr'><strong>aut</strong></span> <span class='ocrx_word' id='word_1_288' title='bbox 917 1484 1014 1515; x_wconf 76' lang='lat' dir='ltr'><strong>{idem</strong></span> <span class='ocrx_word' id='word_1_289' title='bbox 1035 1483 1088 1515; x_wconf 88' lang='lat' dir='ltr'><strong>hu-</strong></span> 
     </span>
     <span class='ocr_line' id='line_1_44' title="bbox 115 1525 1089 1571; baseline -0.006 -7"><span class='ocrx_word' id='word_1_290' title='bbox 115 1535 206 1571; x_wconf 88' lang='lat' dir='ltr'><strong>bere,</strong></span> <span class='ocrx_word' id='word_1_291' title='bbox 231 1543 302 1563; x_wconf 90' lang='lat' dir='ltr'><strong>cum</strong></span> <span class='ocrx_word' id='word_1_292' title='bbox 324 1543 386 1563; x_wconf 88' lang='lat' dir='ltr'><strong>non</strong></span> <span class='ocrx_word' id='word_1_293' title='bbox 411 1531 554 1562; x_wconf 87' lang='lat' dir='ltr'><strong>habeant</strong></span> <span class='ocrx_word' id='word_1_294' title='bbox 577 1531 725 1560; x_wconf 86' lang='lat' dir='ltr'><strong>timorem</strong></span> <span class='ocrx_word' id='word_1_295' title='bbox 749 1528 825 1566; x_wconf 88' lang='lat' dir='ltr'><strong>Dei,</strong></span> <span class='ocrx_word' id='word_1_296' title='bbox 850 1539 923 1560; x_wconf 89' lang='lat' dir='ltr'><strong>cum</strong></span> <span class='ocrx_word' id='word_1_297' title='bbox 947 1538 1012 1558; x_wconf 90' lang='lat' dir='ltr'><strong>nou</strong></span> <span class='ocrx_word' id='word_1_298' title='bbox 1032 1525 1089 1558; x_wconf 84' lang='lat' dir='ltr'><strong>ha-</strong></span> 
     </span>
     <span class='ocr_line' id='line_1_45' title="bbox 116 1570 1115 1613; baseline -0.007 -6"><span class='ocrx_word' id='word_1_299' title='bbox 116 1578 192 1608; x_wconf 89' lang='lat' dir='ltr'><strong>bent</strong></span> <span class='ocrx_word' id='word_1_300' title='bbox 217 1586 274 1606; x_wconf 89' lang='lat' dir='ltr'><strong>cor</strong></span> <span class='ocrx_word' id='word_1_301' title='bbox 298 1575 484 1611; x_wconf 87' lang='lat' dir='ltr'><strong>contritum,</strong></span> <span class='ocrx_word' id='word_1_302' title='bbox 507 1574 538 1604; x_wconf 89' lang='lat' dir='ltr'><strong>id</strong></span> <span class='ocrx_word' id='word_1_303' title='bbox 559 1573 642 1604; x_wconf 90' lang='lat' dir='ltr'><strong>euim</strong></span> <span class='ocrx_word' id='word_1_304' title='bbox 660 1582 799 1603; x_wconf 76' lang='lat' dir='ltr'><strong>neccsse</strong></span> <span class='ocrx_word' id='word_1_305' title='bbox 818 1578 869 1602; x_wconf 82' lang='lat' dir='ltr'><strong>est</strong></span> <span class='ocrx_word' id='word_1_306' title='bbox 887 1570 1089 1613; x_wconf 84' lang='lat' dir='ltr'><strong>praecedere</strong></span> <span class='ocrx_word' id='word_1_307' title='bbox 1113 1589 1115 1598; x_wconf 67' lang='grc' dir='ltr'>ι</span> 
     </span>
     <span class='ocr_line' id='line_1_46' title="bbox 116 1612 1090 1655; baseline -0.005 -6"><span class='ocrx_word' id='word_1_308' title='bbox 116 1619 227 1651; x_wconf 82' lang='lat' dir='ltr'><strong>tidem.</strong></span> <span class='ocrx_word' id='word_1_309' title='bbox 251 1619 336 1649; x_wconf 89' lang='lat' dir='ltr'><strong>sicut</strong></span> <span class='ocrx_word' id='word_1_310' title='bbox 359 1628 498 1655; x_wconf 87' lang='lat' dir='ltr'><strong>aurora,</strong></span> <span class='ocrx_word' id='word_1_311' title='bbox 533 1617 658 1649; x_wconf 88' lang='lat' dir='ltr'><strong>oriente</strong></span> <span class='ocrx_word' id='word_1_312' title='bbox 681 1614 765 1651; x_wconf 84' lang='lat' dir='ltr'><strong>sole,</strong></span> <span class='ocrx_word' id='word_1_313' title='bbox 789 1615 873 1646; x_wconf 89' lang='lat' dir='ltr'><strong>diem</strong></span> <span class='ocrx_word' id='word_1_314' title='bbox 897 1612 1090 1646; x_wconf 82' lang='lat' dir='ltr'><strong>naturaliter</strong></span> 
     </span>
    </p>
   </div>
   <div class='ocr_carea' id='block_1_13' title="bbox 115 1662 290 1703">
    <p class='ocr_par' dir='ltr' id='par_1_17' title="bbox 115 1662 290 1703">
     <span class='ocr_line' id='line_1_47' title="bbox 115 1662 290 1703; baseline -0.017 -9"><span class='ocrx_word' id='word_1_315' title='bbox 115 1662 290 1703; x_wconf 77' lang='lat' dir='ltr'><strong>praecedit.</strong></span> 
     </span>
    </p>
   </div>
   <div class='ocr_carea' id='block_1_14' title="bbox 1105 839 1110 1021">
    <p class='ocr_par' dir='ltr' id='par_1_18' title="bbox 1105 839 1110 1021">
     <span class='ocr_line' id='line_1_48' title="bbox 1105 839 1110 1021; baseline 0 1923"><span class='ocrx_word' id='word_1_316' title='bbox 1105 839 1110 1021; x_wconf 95' lang='lat' dir='ltr'><strong> </strong></span> 
     </span>
    </p>
   </div>
   <div class='ocr_carea' id='block_1_15' title="bbox 1110 836 2123 1696">
    <p class='ocr_par' dir='ltr' id='par_1_19' title="bbox 1133 836 2118 1127">
     <span class='ocr_line' id='line_1_49' title="bbox 1222 836 2117 878; baseline 0.002 -10"><span class='ocrx_word' id='word_1_317' title='bbox 1222 836 1392 868; x_wconf 85' lang='lat' dir='ltr'><strong>Hactenus</strong></span> <span class='ocrx_word' id='word_1_318' title='bbox 1416 837 1576 869; x_wconf 84' lang='lat' dir='ltr'><strong>tradimus</strong></span> <span class='ocrx_word' id='word_1_319' title='bbox 1591 839 1637 876; x_wconf 52' lang='lat'><strong>2⁷)</strong></span> <span class='ocrx_word' id='word_1_320' title='bbox 1660 839 1843 870; x_wconf 80' lang='lat' dir='ltr'><strong>doctrinam</strong></span> <span class='ocrx_word' id='word_1_321' title='bbox 1863 837 2117 878; x_wconf 79' lang='lat' dir='ltr'><strong>iustificationis,</strong></span> 
     </span>
     <span class='ocr_line' id='line_1_50' title="bbox 1133 878 2116 913; baseline 0.003 -3"><span class='ocrx_word' id='word_1_322' title='bbox 1133 889 1222 911; x_wconf 88' lang='lat' dir='ltr'><strong>nunc</strong></span> <span class='ocrx_word' id='word_1_323' title='bbox 1236 880 1276 910; x_wconf 90' lang='lat' dir='ltr'><strong>de</strong></span> <span class='ocrx_word' id='word_1_324' title='bbox 1298 878 1462 911; x_wconf 82' lang='lat' dir='ltr'><strong>fructibus</strong></span> <span class='ocrx_word' id='word_1_325' title='bbox 1486 881 1646 912; x_wconf 85' lang='lat' dir='ltr'><strong>dicemus.</strong></span> <span class='ocrx_word' id='word_1_326' title='bbox 1692 881 1893 913; x_wconf 74' lang='lat' dir='ltr'><strong>lustiflcatur</strong></span> <span class='ocrx_word' id='word_1_327' title='bbox 1916 882 2001 913; x_wconf 76' lang='lat' dir='ltr'><strong>enim</strong></span> <span class='ocrx_word' id='word_1_328' title='bbox 2017 881 2116 913; x_wconf 88' lang='lat' dir='ltr'><strong>homo</strong></span> 
     </span>
     <span class='ocr_line' id='line_1_51' title="bbox 1135 922 2116 966; baseline 0.002 -12"><span class='ocrx_word' id='word_1_329' title='bbox 1135 933 1195 964; x_wconf 85' lang='lat' dir='ltr'><strong>per</strong></span> <span class='ocrx_word' id='word_1_330' title='bbox 1219 922 1336 960; x_wconf 80' lang='lat' dir='ltr'><strong>fldem,</strong></span> <span class='ocrx_word' id='word_1_331' title='bbox 1371 933 1437 954; x_wconf 91' lang='lat' dir='ltr'><strong>non</strong></span> <span class='ocrx_word' id='word_1_332' title='bbox 1466 933 1507 954; x_wconf 85' lang='lat' dir='ltr'><strong>ex</strong></span> <span class='ocrx_word' id='word_1_333' title='bbox 1532 922 1684 954; x_wconf 80' lang='lat' dir='ltr'><strong>humanis</strong></span> <span class='ocrx_word' id='word_1_334' title='bbox 1709 925 1833 955; x_wconf 87' lang='lat' dir='ltr'><strong>meritis</strong></span> <span class='ocrx_word' id='word_1_335' title='bbox 1862 935 1923 956; x_wconf 88' lang='lat' dir='ltr'><strong>seu</strong></span> <span class='ocrx_word' id='word_1_336' title='bbox 1946 925 2116 966; x_wconf 81' lang='lat' dir='ltr'><strong>operibus,</strong></span> 
     </span>
     <span class='ocr_line' id='line_1_52' title="bbox 1135 965 2117 1006; baseline 0.003 -9"><span class='ocrx_word' id='word_1_337' title='bbox 1135 965 1204 997; x_wconf 81' lang='lat' dir='ltr'><strong>Sed</strong></span> <span class='ocrx_word' id='word_1_338' title='bbox 1227 965 1310 997; x_wconf 83' lang='lat' dir='ltr'><strong>fides</strong></span> <span class='ocrx_word' id='word_1_339' title='bbox 1334 975 1400 996; x_wconf 89' lang='lat' dir='ltr'><strong>non</strong></span> <span class='ocrx_word' id='word_1_340' title='bbox 1425 971 1476 996; x_wconf 86' lang='lat' dir='ltr'><strong>est</strong></span> <span class='ocrx_word' id='word_1_341' title='bbox 1499 966 1560 996; x_wconf 89' lang='lat' dir='ltr'><strong>nisi</strong></span> <span class='ocrx_word' id='word_1_342' title='bbox 1584 966 1615 996; x_wconf 91' lang='lat' dir='ltr'><strong>in</strong></span> <span class='ocrx_word' id='word_1_343' title='bbox 1641 967 1743 998; x_wconf 89' lang='lat' dir='ltr'><strong>corde</strong></span> <span class='ocrx_word' id='word_1_344' title='bbox 1765 968 1927 1006; x_wconf 87' lang='lat' dir='ltr'><strong>contrito,</strong></span> <span class='ocrx_word' id='word_1_345' title='bbox 1949 978 2010 999; x_wconf 80' lang='lat' dir='ltr'><strong>seu</strong></span> <span class='ocrx_word' id='word_1_346' title='bbox 2034 978 2117 1000; x_wconf 90' lang='lat' dir='ltr'><strong>mor-</strong></span> 
     </span>
     <span class='ocr_line' id='line_1_53' title="bbox 1134 1008 2118 1051; baseline 0.004 -12"><span class='ocrx_word' id='word_1_347' title='bbox 1134 1009 1270 1046; x_wconf 80' lang='lat' dir='ltr'><strong>tificate,</strong></span> <span class='ocrx_word' id='word_1_348' title='bbox 1293 1018 1354 1040; x_wconf 88' lang='lat' dir='ltr'><strong>seu</strong></span> <span class='ocrx_word' id='word_1_349' title='bbox 1376 1014 1496 1051; x_wconf 81' lang='lat' dir='ltr'><strong>agente</strong></span> <span class='ocrx_word' id='word_1_350' title='bbox 1519 1009 1762 1050; x_wconf 83' lang='lat' dir='ltr'><strong>poenitentiam.</strong></span> <span class='ocrx_word' id='word_1_351' title='bbox 1807 1008 1856 1041; x_wconf 83' lang='lat' dir='ltr'><strong>lta</strong></span> <span class='ocrx_word' id='word_1_352' title='bbox 1880 1011 2034 1043; x_wconf 80' lang='lat' dir='ltr'><strong>contritio</strong></span> <span class='ocrx_word' id='word_1_353' title='bbox 2057 1021 2118 1043; x_wconf 88' lang='lat' dir='ltr'><strong>seu</strong></span> 
     </span>
     <span class='ocr_line' id='line_1_54' title="bbox 1134 1051 2118 1094; baseline 0.003 -11"><span class='ocrx_word' id='word_1_354' title='bbox 1134 1052 1334 1093; x_wconf 84' lang='lat' dir='ltr'><strong>poenitentia</strong></span> <span class='ocrx_word' id='word_1_355' title='bbox 1367 1052 1538 1094; x_wconf 86' lang='lat' dir='ltr'><strong>praecedit</strong></span> <span class='ocrx_word' id='word_1_356' title='bbox 1570 1051 1680 1083; x_wconf 89' lang='lat' dir='ltr'><strong>fidem.</strong></span> <span class='ocrx_word' id='word_1_357' title='bbox 1734 1051 1834 1083; x_wconf 86' lang='lat' dir='ltr'><strong>Nunc</strong></span> <span class='ocrx_word' id='word_1_358' title='bbox 1866 1053 1908 1084; x_wconf 87' lang='lat' dir='ltr'><strong>de</strong></span> <span class='ocrx_word' id='word_1_359' title='bbox 1938 1063 2038 1086; x_wconf 83' lang='lat' dir='ltr'><strong>cruce</strong></span> <span class='ocrx_word' id='word_1_360' title='bbox 2071 1054 2118 1085; x_wconf 88' lang='lat' dir='ltr'><strong>di·</strong></span> 
     </span>
     <span class='ocr_line' id='line_1_55' title="bbox 1136 1104 1259 1127; baseline -0.016 0"><span class='ocrx_word' id='word_1_361' title='bbox 1136 1104 1259 1127; x_wconf 88' lang='lat' dir='ltr'><strong>cemus.</strong></span> 
     </span>
    </p>

    <p class='ocr_par' dir='ltr' id='par_1_20' title="bbox 1136 1136 2120 1343">
     <span class='ocr_line' id='line_1_56' title="bbox 1222 1136 2117 1174; baseline 0.001 -5"><span class='ocrx_word' id='word_1_362' title='bbox 1222 1137 1366 1169; x_wconf 87' lang='lat' dir='ltr'><strong>Primum</strong></span> <span class='ocrx_word' id='word_1_363' title='bbox 1400 1137 1541 1169; x_wconf 87' lang='lat' dir='ltr'><strong>docendi</strong></span> <span class='ocrx_word' id='word_1_364' title='bbox 1575 1143 1653 1168; x_wconf 87' lang='lat' dir='ltr'><strong>sunt</strong></span> <span class='ocrx_word' id='word_1_365' title='bbox 1680 1137 1849 1174; x_wconf 88' lang='lat' dir='ltr'><strong>homines,</strong></span> <span class='ocrx_word' id='word_1_366' title='bbox 1885 1139 2013 1170; x_wconf 86' lang='lat' dir='ltr'><strong>omneis</strong></span> <span class='ocrx_word' id='word_1_367' title='bbox 2034 1136 2117 1170; x_wconf 80' lang='lat' dir='ltr'><strong>amt-</strong></span> 
     </span>
     <span class='ocr_line' id='line_1_57' title="bbox 1136 1179 2118 1222; baseline 0.001 -10"><span class='ocrx_word' id='word_1_368' title='bbox 1136 1182 1266 1212; x_wconf 90' lang='lat' dir='ltr'><strong>ctiones</strong></span> <span class='ocrx_word' id='word_1_369' title='bbox 1290 1179 1485 1221; x_wconf 82' lang='lat' dir='ltr'><strong>corporales</strong></span> <span class='ocrx_word' id='word_1_370' title='bbox 1509 1186 1542 1212; x_wconf 88' lang='lat' dir='ltr'><strong>et</strong></span> <span class='ocrx_word' id='word_1_371' title='bbox 1572 1180 1783 1222; x_wconf 74' lang='lat' dir='ltr'><strong>spirituales,</strong></span> <span class='ocrx_word' id='word_1_372' title='bbox 1819 1179 1938 1212; x_wconf 86' lang='lat' dir='ltr'><strong>malem</strong></span> <span class='ocrx_word' id='word_1_373' title='bbox 1961 1179 2118 1213; x_wconf 84' lang='lat' dir='ltr'><strong>valetudi-</strong></span> 
     </span>
     <span class='ocr_line' id='line_1_58' title="bbox 1137 1221 2117 1265; baseline 0.001 -10"><span class='ocrx_word' id='word_1_374' title='bbox 1137 1234 1224 1262; x_wconf 87' lang='lat' dir='ltr'><strong>nem,</strong></span> <span class='ocrx_word' id='word_1_375' title='bbox 1247 1224 1391 1264; x_wconf 85' lang='lat' dir='ltr'><strong>inopiam</strong></span> <span class='ocrx_word' id='word_1_376' title='bbox 1415 1229 1446 1254; x_wconf 89' lang='lat' dir='ltr'><strong>et</strong></span> <span class='ocrx_word' id='word_1_377' title='bbox 1469 1221 1587 1254; x_wconf 81' lang='lat' dir='ltr'><strong>similia</strong></span> <span class='ocrx_word' id='word_1_378' title='bbox 1611 1233 1690 1254; x_wconf 88' lang='lat' dir='ltr'><strong>esse</strong></span> <span class='ocrx_word' id='word_1_379' title='bbox 1708 1234 1810 1265; x_wconf 83' lang='lat' dir='ltr'><strong>opera</strong></span> <span class='ocrx_word' id='word_1_380' title='bbox 1834 1222 1910 1262; x_wconf 90' lang='lat' dir='ltr'><strong>Dei,</strong></span> <span class='ocrx_word' id='word_1_381' title='bbox 1933 1224 2020 1256; x_wconf 88' lang='lat' dir='ltr'><strong>sicut</strong></span> <span class='ocrx_word' id='word_1_382' title='bbox 2043 1224 2117 1256; x_wconf 77' lang='lat' dir='ltr'><strong>nie·</strong></span> 
     </span>
     <span class='ocr_line' id='line_1_59' title="bbox 1137 1265 2120 1305; baseline 0 -6"><span class='ocrx_word' id='word_1_383' title='bbox 1137 1268 1259 1299; x_wconf 83' lang='lat' dir='ltr'><strong>remias</strong></span> <span class='ocrx_word' id='word_1_384' title='bbox 1294 1267 1392 1298; x_wconf 90' lang='lat' dir='ltr'><strong>docet</strong></span> <span class='ocrx_word' id='word_1_385' title='bbox 1424 1265 1547 1298; x_wconf 80' lang='lat' dir='ltr'><strong>Thi-en.</strong></span> <span class='ocrx_word' id='word_1_386' title='bbox 1570 1265 1602 1298; x_wconf 87' lang='lat'><strong>3.</strong></span> <span class='ocrx_word' id='word_1_387' title='bbox 1647 1266 1730 1302; x_wconf 85' lang='lat' dir='ltr'><strong>Quis</strong></span> <span class='ocrx_word' id='word_1_388' title='bbox 1764 1274 1815 1298; x_wconf 85' lang='lat' dir='ltr'><strong>est</strong></span> <span class='ocrx_word' id='word_1_389' title='bbox 1870 1267 2060 1305; x_wconf 71' lang='lat' dir='ltr'><strong>indixerit,</strong></span> <span class='ocrx_word' id='word_1_390' title='bbox 2081 1272 2120 1299; x_wconf 78' lang='lat' dir='ltr'><strong>ut</strong></span> 
     </span>
     <span class='ocr_line' id='line_1_60' title="bbox 1138 1308 2119 1343; baseline 0 -1"><span class='ocrx_word' id='word_1_391' title='bbox 1138 1311 1232 1342; x_wconf 87' lang='lat' dir='ltr'><strong>fieret</strong></span> <span class='ocrx_word' id='word_1_392' title='bbox 1250 1309 1395 1342; x_wconf 84' lang='lat' dir='ltr'><strong>Domino</strong></span> <span class='ocrx_word' id='word_1_393' title='bbox 1419 1320 1486 1341; x_wconf 90' lang='lat' dir='ltr'><strong>non</strong></span> <span class='ocrx_word' id='word_1_394' title='bbox 1509 1310 1665 1341; x_wconf 69' lang='lat' dir='ltr'><strong>iubente?</strong></span> <span class='ocrx_word' id='word_1_395' title='bbox 1698 1308 1748 1341; x_wconf 78' lang='lat' dir='ltr'><strong>Ex</strong></span> <span class='ocrx_word' id='word_1_396' title='bbox 1761 1319 1822 1341; x_wconf 89' lang='lat' dir='ltr'><strong>ore</strong></span> <span class='ocrx_word' id='word_1_397' title='bbox 1839 1319 1858 1341; x_wconf 88' lang='lat' dir='ltr'><strong>a</strong></span> <span class='ocrx_word' id='word_1_398' title='bbox 1875 1310 1988 1341; x_wconf 80' lang='lat' dir='ltr'><strong>dssimi</strong></span> <span class='ocrx_word' id='word_1_399' title='bbox 2008 1320 2119 1343; x_wconf 88' lang='lat' dir='ltr'><strong>nonne</strong></span> 
     </span>
    </p>

    <p class='ocr_par' dir='ltr' id='par_1_21' title="bbox 1110 1352 1653 1397">
     <span class='ocr_line' id='line_1_61' title="bbox 1110 1352 1653 1397; baseline -0.006 -11"><span class='ocrx_word' id='word_1_400' title='bbox 1110 1372 1114 1386; x_wconf 81' lang='lat' dir='ltr'><strong>t</strong></span> <span class='ocrx_word' id='word_1_401' title='bbox 1138 1353 1354 1397; x_wconf 72' lang='lat' dir='ltr'><strong>egredientur</strong></span> <span class='ocrx_word' id='word_1_402' title='bbox 1378 1353 1465 1384; x_wconf 86' lang='lat' dir='ltr'><strong>bona</strong></span> <span class='ocrx_word' id='word_1_403' title='bbox 1488 1359 1518 1384; x_wconf 90' lang='lat' dir='ltr'><strong>et</strong></span> <span class='ocrx_word' id='word_1_404' title='bbox 1544 1352 1653 1384; x_wconf 81' lang='lat' dir='ltr'><strong>mala?</strong></span> 
     </span>
    </p>

    <p class='ocr_par' dir='ltr' id='par_1_22' title="bbox 1111 1394 2123 1584">
     <span class='ocr_line' id='line_1_62' title="bbox 1225 1394 2121 1438; baseline 0.002 -12"><span class='ocrx_word' id='word_1_405' title='bbox 1225 1396 1394 1434; x_wconf 74' lang='lat' dir='ltr'><strong>Secundo,</strong></span> <span class='ocrx_word' id='word_1_406' title='bbox 1418 1396 1574 1434; x_wconf 81' lang='lat' dir='ltr'><strong>doceant,</strong></span> <span class='ocrx_word' id='word_1_407' title='bbox 1596 1401 1843 1438; x_wconf 85' lang='lat' dir='ltr'><strong>propterquam</strong></span> <span class='ocrx_word' id='word_1_408' title='bbox 1857 1405 2012 1427; x_wconf 77' lang='lat' dir='ltr'><strong>caussam</strong></span> <span class='ocrx_word' id='word_1_409' title='bbox 2024 1394 2121 1428; x_wconf 73' lang='lat' dir='ltr'><strong>Deus</strong></span> 
     </span>
     <span class='ocr_line' id='line_1_63' title="bbox 1137 1438 2121 1481; baseline -0.001 -9"><span class='ocrx_word' id='word_1_410' title='bbox 1137 1450 1201 1472; x_wconf 85' lang='lat' dir='ltr'><strong>nos</strong></span> <span class='ocrx_word' id='word_1_411' title='bbox 1235 1438 1375 1481; x_wconf 82' lang='lat' dir='ltr'><strong>affligat.</strong></span> <span class='ocrx_word' id='word_1_412' title='bbox 1422 1438 1553 1481; x_wconf 76' lang='lat' dir='ltr'><strong>Atnigtt</strong></span> <span class='ocrx_word' id='word_1_413' title='bbox 1587 1440 1672 1470; x_wconf 86' lang='lat' dir='ltr'><strong>enim</strong></span> <span class='ocrx_word' id='word_1_414' title='bbox 1706 1449 1783 1477; x_wconf 86' lang='lat' dir='ltr'><strong>nos,</strong></span> <span class='ocrx_word' id='word_1_415' title='bbox 1817 1445 1852 1470; x_wconf 87' lang='lat' dir='ltr'><strong>ut</strong></span> <span class='ocrx_word' id='word_1_416' title='bbox 1884 1445 2048 1481; x_wconf 83' lang='lat' dir='ltr'><strong>provocet.</strong></span> <span class='ocrx_word' id='word_1_417' title='bbox 2076 1439 2121 1471; x_wconf 80' lang='lat' dir='ltr'><strong>ud</strong></span> 
     </span>
     <span class='ocr_line' id='line_1_64' title="bbox 1111 1480 2122 1531; baseline 0 -17"><span class='ocrx_word' id='word_1_418' title='bbox 1111 1505 1115 1531; x_wconf 54' lang='grc'>1</span> <span class='ocrx_word' id='word_1_419' title='bbox 1138 1483 1384 1525; x_wconf 86' lang='lat' dir='ltr'><strong>poenitentiam.</strong></span> <span class='ocrx_word' id='word_1_420' title='bbox 1419 1481 1503 1514; x_wconf 88' lang='lat' dir='ltr'><strong>Nam</strong></span> <span class='ocrx_word' id='word_1_421' title='bbox 1527 1480 1727 1513; x_wconf 80' lang='lat' dir='ltr'><strong>afflictiones</strong></span> <span class='ocrx_word' id='word_1_422' title='bbox 1750 1488 1828 1513; x_wconf 89' lang='lat' dir='ltr'><strong>sunt</strong></span> <span class='ocrx_word' id='word_1_423' title='bbox 1845 1488 1960 1523; x_wconf 80' lang='lat' dir='ltr'><strong>partes</strong></span> <span class='ocrx_word' id='word_1_424' title='bbox 1984 1481 2070 1525; x_wconf 84' lang='lat' dir='ltr'><strong>legis</strong></span> <span class='ocrx_word' id='word_1_425' title='bbox 2087 1487 2122 1514; x_wconf 77' lang='lat' dir='ltr'><strong>et</strong></span> 
     </span>
     <span class='ocr_line' id='line_1_65' title="bbox 1112 1525 2123 1584; baseline -0.001 -26"><span class='ocrx_word' id='word_1_426' title='bbox 1112 1537 1115 1584; x_wconf 39' lang='grc' dir='ltr'>ἱ</span> <span class='ocrx_word' id='word_1_427' title='bbox 1139 1536 1268 1568; x_wconf 86' lang='lat' dir='ltr'><strong>poenae</strong></span> <span class='ocrx_word' id='word_1_428' title='bbox 1291 1536 1351 1567; x_wconf 88' lang='lat' dir='ltr'><strong>pro</strong></span> <span class='ocrx_word' id='word_1_429' title='bbox 1383 1526 1533 1567; x_wconf 73' lang='lat' dir='ltr'><strong>peccatis</strong></span> <span class='ocrx_word' id='word_1_430' title='bbox 1563 1525 1687 1557; x_wconf 85' lang='lat' dir='ltr'><strong>nostris</strong></span> <span class='ocrx_word' id='word_1_431' title='bbox 1717 1525 1897 1567; x_wconf 77' lang='lat' dir='ltr'><strong>irrogatae.</strong></span> <span class='ocrx_word' id='word_1_432' title='bbox 1943 1525 2012 1558; x_wconf 86' lang='lat' dir='ltr'><strong>Sed</strong></span> <span class='ocrx_word' id='word_1_433' title='bbox 2035 1526 2123 1557; x_wconf 80' lang='lat' dir='ltr'><strong>sicut</strong></span> 
     </span>
    </p>

    <p class='ocr_par' dir='ltr' id='par_1_23' title="bbox 1112 1567 2123 1696">
     <span class='ocr_line' id='line_1_66' title="bbox 1140 1567 2122 1612; baseline -0.003 -11"><span class='ocrx_word' id='word_1_434' title='bbox 1140 1569 1194 1601; x_wconf 86' lang='lat' dir='ltr'><strong>lex</strong></span> <span class='ocrx_word' id='word_1_435' title='bbox 1216 1579 1283 1601; x_wconf 91' lang='lat' dir='ltr'><strong>non</strong></span> <span class='ocrx_word' id='word_1_436' title='bbox 1307 1570 1416 1612; x_wconf 81' lang='lat' dir='ltr'><strong>arguit</strong></span> <span class='ocrx_word' id='word_1_437' title='bbox 1440 1579 1514 1607; x_wconf 84' lang='lat' dir='ltr'><strong>nos,</strong></span> <span class='ocrx_word' id='word_1_438' title='bbox 1536 1575 1571 1600; x_wconf 87' lang='lat' dir='ltr'><strong>ut</strong></span> <span class='ocrx_word' id='word_1_439' title='bbox 1594 1569 1730 1610; x_wconf 74' lang='lat' dir='ltr'><strong>perdat,</strong></span> <span class='ocrx_word' id='word_1_440' title='bbox 1761 1568 1817 1600; x_wconf 86' lang='lat' dir='ltr'><strong>Sic</strong></span> <span class='ocrx_word' id='word_1_441' title='bbox 1831 1569 1875 1602; x_wconf 77' lang='lat'><strong>²³)</strong></span> <span class='ocrx_word' id='word_1_442' title='bbox 1911 1567 2036 1600; x_wconf 83' lang='lat' dir='ltr'><strong>Paulus</strong></span> <span class='ocrx_word' id='word_1_443' title='bbox 2059 1570 2122 1601; x_wconf 80' lang='lat' dir='ltr'><strong>ait:</strong></span> 
     </span>
     <span class='ocr_line' id='line_1_67' title="bbox 1113 1603 2122 1654; baseline 0.001 -10"><span class='ocrx_word' id='word_1_444' title='bbox 1113 1603 1115 1624; x_wconf 82' lang='lat'>¹</span> <span class='ocrx_word' id='word_1_445' title='bbox 1141 1611 1314 1644; x_wconf 81' lang='lat' dir='ltr'><strong>Conclusit</strong></span> <span class='ocrx_word' id='word_1_446' title='bbox 1338 1613 1447 1643; x_wconf 83' lang='lat' dir='ltr'><strong>onmia</strong></span> <span class='ocrx_word' id='word_1_447' title='bbox 1469 1613 1532 1644; x_wconf 80' lang='lat' dir='ltr'><strong>sub</strong></span> <span class='ocrx_word' id='word_1_448' title='bbox 1552 1617 1738 1654; x_wconf 79' lang='lat' dir='ltr'><strong>peccatum,</strong></span> <span class='ocrx_word' id='word_1_449' title='bbox 1761 1622 1827 1643; x_wconf 94' lang='lat' dir='ltr'><strong>non</strong></span> <span class='ocrx_word' id='word_1_450' title='bbox 1850 1617 1885 1642; x_wconf 86' lang='lat' dir='ltr'><strong>ut</strong></span> <span class='ocrx_word' id='word_1_451' title='bbox 1908 1612 2037 1653; x_wconf 81' lang='lat' dir='ltr'><strong>perdat,</strong></span> <span class='ocrx_word' id='word_1_452' title='bbox 2060 1612 2122 1645; x_wconf 78' lang='lat' dir='ltr'><strong>sed</strong></span> 
     </span>
     <span class='ocr_line' id='line_1_68' title="bbox 1112 1633 2123 1696; baseline -0.002 -8"><span class='ocrx_word' id='word_1_453' title='bbox 1112 1633 1116 1687; x_wconf 83' lang='lat' dir='ltr'><strong>l</strong></span> <span class='ocrx_word' id='word_1_454' title='bbox 1140 1662 1174 1688; x_wconf 87' lang='lat' dir='ltr'><strong>ut</strong></span> <span class='ocrx_word' id='word_1_455' title='bbox 1197 1655 1340 1687; x_wconf 89' lang='lat' dir='ltr'><strong>omnium</strong></span> <span class='ocrx_word' id='word_1_456' title='bbox 1364 1657 1567 1695; x_wconf 81' lang='lat' dir='ltr'><strong>misereatur,</strong></span> <span class='ocrx_word' id='word_1_457' title='bbox 1589 1656 1681 1687; x_wconf 81' lang='lat' dir='ltr'><strong>item:</strong></span> <span class='ocrx_word' id='word_1_458' title='bbox 1704 1653 1788 1686; x_wconf 90' lang='lat' dir='ltr'><strong>Nolo</strong></span> <span class='ocrx_word' id='word_1_459' title='bbox 1812 1661 1951 1686; x_wconf 89' lang='lat' dir='ltr'><strong>mortem</strong></span> <span class='ocrx_word' id='word_1_460' title='bbox 1968 1661 2123 1696; x_wconf 89' lang='lat' dir='ltr'><strong>peccato-</strong></span> 
     </span>
    </p>
   </div>
   <div class='ocr_carea' id='block_1_16' title="bbox 1109 1390 1114 1495">
    <p class='ocr_par' dir='ltr' id='par_1_24' title="bbox 1109 1390 1114 1495">
     <span class='ocr_line' id='line_1_69' title="bbox 1109 1390 1114 1495; baseline 0 1449"><span class='ocrx_word' id='word_1_461' title='bbox 1109 1390 1114 1495; x_wconf 95' lang='lat' dir='ltr'><strong> </strong></span> 
     </span>
    </p>
   </div>
   <div class='ocr_carea' id='block_1_17' title="bbox 200 1696 2123 1743">
    <p class='ocr_par' dir='ltr' id='par_1_25' title="bbox 200 1696 2123 1743">
     <span class='ocr_line' id='line_1_70' title="bbox 200 1696 2123 1743; baseline -0.003 -9"><span class='ocrx_word' id='word_1_462' title='bbox 200 1704 310 1735; x_wconf 79' lang='lat' dir='ltr'><strong>Tertio</strong></span> <span class='ocrx_word' id='word_1_463' title='bbox 346 1703 498 1741; x_wconf 78' lang='lat' dir='ltr'><strong>doceant,</strong></span> <span class='ocrx_word' id='word_1_464' title='bbox 542 1702 707 1743; x_wconf 87' lang='lat' dir='ltr'><strong>quomodo</strong></span> <span class='ocrx_word' id='word_1_465' title='bbox 753 1701 855 1732; x_wconf 81' lang='lat' dir='ltr'><strong>corda</strong></span> <span class='ocrx_word' id='word_1_466' title='bbox 900 1700 1090 1741; x_wconf 86' lang='lat' dir='ltr'><strong>concipiant</strong></span> <span class='ocrx_word' id='word_1_467' title='bbox 1140 1709 1224 1737; x_wconf 90' lang='lat' dir='ltr'><strong>rum,</strong></span> <span class='ocrx_word' id='word_1_468' title='bbox 1248 1697 1295 1730; x_wconf 85' lang='lat' dir='ltr'><strong>lta</strong></span> <span class='ocrx_word' id='word_1_469' title='bbox 1318 1696 1519 1731; x_wconf 79' lang='lat' dir='ltr'><strong>afflictiones</strong></span> <span class='ocrx_word' id='word_1_470' title='bbox 1543 1704 1685 1740; x_wconf 82' lang='lat' dir='ltr'><strong>arguunt</strong></span> <span class='ocrx_word' id='word_1_471' title='bbox 1709 1708 1782 1736; x_wconf 87' lang='lat' dir='ltr'><strong>nos,</strong></span> <span class='ocrx_word' id='word_1_472' title='bbox 1804 1704 1841 1730; x_wconf 87' lang='lat' dir='ltr'><strong>ut</strong></span> <span class='ocrx_word' id='word_1_473' title='bbox 1863 1704 2050 1738; x_wconf 77' lang='lat' dir='ltr'><strong>provocent</strong></span> <span class='ocrx_word' id='word_1_474' title='bbox 2079 1698 2123 1729; x_wconf 86' lang='lat' dir='ltr'><strong>ad</strong></span> 
     </span>
    </p>
   </div>
   <div class='ocr_carea' id='block_1_18' title="bbox 116 1743 1087 2131">
    <p class='ocr_par' dir='ltr' id='par_1_26' title="bbox 116 1743 1087 2131">
     <span class='ocr_line' id='line_1_71' title="bbox 116 1743 1087 1787; baseline -0.005 -8"><span class='ocrx_word' id='word_1_475' title='bbox 116 1747 228 1785; x_wconf 72' lang='lat' dir='ltr'><strong>fidem,</strong></span> <span class='ocrx_word' id='word_1_476' title='bbox 260 1748 309 1777; x_wconf 85' lang='lat' dir='ltr'><strong>sic</strong></span> <span class='ocrx_word' id='word_1_477' title='bbox 339 1747 423 1777; x_wconf 81' lang='lat' dir='ltr'><strong>euim</strong></span> <span class='ocrx_word' id='word_1_478' title='bbox 448 1746 646 1787; x_wconf 87' lang='lat' dir='ltr'><strong>concipiunt.</strong></span> <span class='ocrx_word' id='word_1_479' title='bbox 692 1743 833 1779; x_wconf 77' lang='lat' dir='ltr'><strong>Quando</strong></span> <span class='ocrx_word' id='word_1_480' title='bbox 857 1743 949 1776; x_wconf 91' lang='lat' dir='ltr'><strong>Deus</strong></span> <span class='ocrx_word' id='word_1_481' title='bbox 977 1744 1087 1774; x_wconf 89' lang='lat' dir='ltr'><strong>miser-</strong></span> 
     </span>
     <span class='ocr_line' id='line_1_72' title="bbox 117 1785 1086 1831; baseline -0.005 -9"><span class='ocrx_word' id='word_1_482' title='bbox 117 1798 180 1828; x_wconf 74' lang='lat' dir='ltr'><strong>tus,</strong></span> <span class='ocrx_word' id='word_1_483' title='bbox 203 1788 433 1831; x_wconf 81' lang='lat' dir='ltr'><strong>perterrefacit</strong></span> <span class='ocrx_word' id='word_1_484' title='bbox 459 1799 517 1819; x_wconf 93' lang='lat' dir='ltr'><strong>cor</strong></span> <span class='ocrx_word' id='word_1_485' title='bbox 545 1795 577 1819; x_wconf 85' lang='lat' dir='ltr'><strong>ct</strong></span> <span class='ocrx_word' id='word_1_486' title='bbox 596 1788 709 1819; x_wconf 60' lang='lat' dir='ltr'><strong>incutit</strong></span> <span class='ocrx_word' id='word_1_487' title='bbox 734 1785 830 1818; x_wconf 84' lang='lat' dir='ltr'><strong>alicui</strong></span> <span class='ocrx_word' id='word_1_488' title='bbox 862 1793 979 1818; x_wconf 88' lang='lat' dir='ltr'><strong>metum</strong></span> <span class='ocrx_word' id='word_1_489' title='bbox 1004 1787 1086 1817; x_wconf 87' lang='lat' dir='ltr'><strong>iudi-</strong></span> 
     </span>
     <span class='ocr_line' id='line_1_73' title="bbox 117 1830 1085 1873; baseline -0.004 -9"><span class='ocrx_word' id='word_1_490' title='bbox 117 1834 167 1866; x_wconf 72' lang='lat' dir='ltr'><strong>cii.</strong></span> <span class='ocrx_word' id='word_1_491' title='bbox 191 1844 230 1864; x_wconf 84' lang='lat' dir='ltr'><strong>ea</strong></span> <span class='ocrx_word' id='word_1_492' title='bbox 254 1832 378 1863; x_wconf 75' lang='lat' dir='ltr'><strong>scilicet</strong></span> <span class='ocrx_word' id='word_1_493' title='bbox 404 1843 462 1863; x_wconf 77' lang='lat' dir='ltr'><strong>scu</strong></span> <span class='ocrx_word' id='word_1_494' title='bbox 487 1832 697 1873; x_wconf 86' lang='lat' dir='ltr'><strong>poenitentia,</strong></span> <span class='ocrx_word' id='word_1_495' title='bbox 720 1831 957 1867; x_wconf 60' lang='lat' dir='ltr'><strong>stucoutritim</strong></span> <span class='ocrx_word' id='word_1_496' title='bbox 977 1830 1004 1860; x_wconf 80' lang='lat' dir='ltr'><strong>si</strong></span> <span class='ocrx_word' id='word_1_497' title='bbox 1021 1836 1085 1860; x_wconf 90' lang='lat' dir='ltr'><strong>tum</strong></span> 
     </span>
     <span class='ocr_line' id='line_1_74' title="bbox 117 1873 1086 1917; baseline -0.004 -10"><span class='ocrx_word' id='word_1_498' title='bbox 117 1877 225 1908; x_wconf 82' lang='lat' dir='ltr'><strong>audiat</strong></span> <span class='ocrx_word' id='word_1_499' title='bbox 249 1874 470 1917; x_wconf 57' lang='lat' dir='ltr'><strong>Evangesson,</strong></span> <span class='ocrx_word' id='word_1_500' title='bbox 494 1875 557 1906; x_wconf 79' lang='lat' dir='ltr'><strong>lioc</strong></span> <span class='ocrx_word' id='word_1_501' title='bbox 581 1881 651 1910; x_wconf 78' lang='lat' dir='ltr'><strong>est,</strong></span> <span class='ocrx_word' id='word_1_502' title='bbox 687 1874 715 1904; x_wconf 90' lang='lat' dir='ltr'><strong>si</strong></span> <span class='ocrx_word' id='word_1_503' title='bbox 738 1874 849 1904; x_wconf 53' lang='lat' dir='ltr'><strong>audiat</strong></span> <span class='ocrx_word' id='word_1_504' title='bbox 878 1874 938 1903; x_wconf 84' lang='lat' dir='ltr'><strong>sibi</strong></span> <span class='ocrx_word' id='word_1_505' title='bbox 963 1873 1086 1904; x_wconf 91' lang='lat' dir='ltr'><strong>condo·</strong></span> 
     </span>
     <span class='ocr_line' id='line_1_75' title="bbox 117 1916 1085 1959; baseline -0.005 -9"><span class='ocrx_word' id='word_1_506' title='bbox 117 1920 185 1951; x_wconf 90' lang='lat' dir='ltr'><strong>nari</strong></span> <span class='ocrx_word' id='word_1_507' title='bbox 220 1926 357 1959; x_wconf 85' lang='lat' dir='ltr'><strong>peccata</strong></span> <span class='ocrx_word' id='word_1_508' title='bbox 392 1924 527 1959; x_wconf 83' lang='lat' dir='ltr'><strong>propter</strong></span> <span class='ocrx_word' id='word_1_509' title='bbox 561 1917 746 1955; x_wconf 71' lang='lat' dir='ltr'><strong>Christum,</strong></span> <span class='ocrx_word' id='word_1_510' title='bbox 783 1924 815 1947; x_wconf 88' lang='lat' dir='ltr'><strong>et</strong></span> <span class='ocrx_word' id='word_1_511' title='bbox 845 1916 960 1947; x_wconf 77' lang='lat' dir='ltr'><strong>credat</strong></span> <span class='ocrx_word' id='word_1_512' title='bbox 994 1924 1085 1947; x_wconf 87' lang='lat' dir='ltr'><strong>certo</strong></span> 
     </span>
     <span class='ocr_line' id='line_1_76' title="bbox 117 1959 1086 2003; baseline -0.002 -11"><span class='ocrx_word' id='word_1_513' title='bbox 117 1962 256 2003; x_wconf 77' lang='lat' dir='ltr'><strong>ignosci.</strong></span> <span class='ocrx_word' id='word_1_514' title='bbox 303 1961 359 1992; x_wconf 87' lang='lat' dir='ltr'><strong>Sic</strong></span> <span class='ocrx_word' id='word_1_515' title='bbox 383 1969 491 1992; x_wconf 85' lang='lat' dir='ltr'><strong>antem</strong></span> <span class='ocrx_word' id='word_1_516' title='bbox 516 1960 661 2002; x_wconf 87' lang='lat' dir='ltr'><strong>erigatur</strong></span> <span class='ocrx_word' id='word_1_517' title='bbox 684 1970 742 1991; x_wconf 90' lang='lat' dir='ltr'><strong>cor</strong></span> <span class='ocrx_word' id='word_1_518' title='bbox 765 1966 796 1991; x_wconf 90' lang='lat' dir='ltr'><strong>et</strong></span> <span class='ocrx_word' id='word_1_519' title='bbox 821 1959 986 2000; x_wconf 82' lang='lat' dir='ltr'><strong>concipiat</strong></span> <span class='ocrx_word' id='word_1_520' title='bbox 1011 1970 1086 1990; x_wconf 87' lang='lat' dir='ltr'><strong>con-</strong></span> 
     </span>
     <span class='ocr_line' id='line_1_77' title="bbox 116 2002 1087 2041; baseline -0.002 -6"><span class='ocrx_word' id='word_1_521' title='bbox 116 2003 322 2035; x_wconf 72' lang='lat' dir='ltr'><strong>solationem.</strong></span> <span class='ocrx_word' id='word_1_522' title='bbox 337 2006 379 2041; x_wconf 75' lang='lat'><strong>²⁶)</strong></span> <span class='ocrx_word' id='word_1_523' title='bbox 424 2003 514 2034; x_wconf 74' lang='lat' dir='ltr'><strong>naec</strong></span> <span class='ocrx_word' id='word_1_524' title='bbox 543 2014 615 2034; x_wconf 87' lang='lat' dir='ltr'><strong>cum</strong></span> <span class='ocrx_word' id='word_1_525' title='bbox 647 2013 726 2034; x_wconf 84' lang='lat' dir='ltr'><strong>vere</strong></span> <span class='ocrx_word' id='word_1_526' title='bbox 755 2003 835 2034; x_wconf 78' lang='lat' dir='ltr'><strong>flunt</strong></span> <span class='ocrx_word' id='word_1_527' title='bbox 864 2003 895 2033; x_wconf 88' lang='lat' dir='ltr'><strong>in</strong></span> <span class='ocrx_word' id='word_1_528' title='bbox 926 2002 1027 2033; x_wconf 91' lang='lat' dir='ltr'><strong>corde</strong></span> <span class='ocrx_word' id='word_1_529' title='bbox 1055 2008 1087 2033; x_wconf 90' lang='lat' dir='ltr'><strong>et</strong></span> 
     </span>
     <span class='ocr_line' id='line_1_78' title="bbox 117 2046 1087 2087; baseline -0.002 -8"><span class='ocrx_word' id='word_1_530' title='bbox 117 2059 180 2079; x_wconf 89' lang='lat' dir='ltr'><strong>non</strong></span> <span class='ocrx_word' id='word_1_531' title='bbox 205 2046 405 2079; x_wconf 83' lang='lat' dir='ltr'><strong>simulanter.</strong></span> <span class='ocrx_word' id='word_1_532' title='bbox 430 2054 507 2078; x_wconf 82' lang='lat' dir='ltr'><strong>tunc</strong></span> <span class='ocrx_word' id='word_1_533' title='bbox 531 2046 627 2078; x_wconf 80' lang='lat' dir='ltr'><strong>iidem</strong></span> <span class='ocrx_word' id='word_1_534' title='bbox 646 2046 786 2087; x_wconf 88' lang='lat' dir='ltr'><strong>concipit</strong></span> <span class='ocrx_word' id='word_1_535' title='bbox 803 2056 871 2083; x_wconf 84' lang='lat' dir='ltr'><strong>cer,</strong></span> <span class='ocrx_word' id='word_1_536' title='bbox 896 2052 974 2077; x_wconf 82' lang='lat' dir='ltr'><strong>tunc</strong></span> <span class='ocrx_word' id='word_1_537' title='bbox 992 2046 1087 2077; x_wconf 87' lang='lat' dir='ltr'><strong>etiam</strong></span> 
     </span>
     <span class='ocr_line' id='line_1_79' title="bbox 117 2088 1087 2131; baseline -0.002 -10"><span class='ocrx_word' id='word_1_538' title='bbox 117 2090 257 2131; x_wconf 85' lang='lat' dir='ltr'><strong>concipit</strong></span> <span class='ocrx_word' id='word_1_539' title='bbox 281 2090 435 2131; x_wconf 84' lang='lat' dir='ltr'><strong>Spiritum</strong></span> <span class='ocrx_word' id='word_1_540' title='bbox 459 2096 624 2127; x_wconf 87' lang='lat' dir='ltr'><strong>sanctum,</strong></span> <span class='ocrx_word' id='word_1_541' title='bbox 652 2089 706 2131; x_wconf 88' lang='lat' dir='ltr'><strong>qui</strong></span> <span class='ocrx_word' id='word_1_542' title='bbox 729 2089 823 2120; x_wconf 80' lang='lat' dir='ltr'><strong>affert</strong></span> <span class='ocrx_word' id='word_1_543' title='bbox 851 2088 977 2120; x_wconf 67' lang='lat' dir='ltr'><strong>tructas·</strong></span> <span class='ocrx_word' id='word_1_544' title='bbox 1002 2089 1087 2127; x_wconf 77' lang='lat' dir='ltr'><strong>fidei,</strong></span> 
     </span>
    </p>
   </div>
   <div class='ocr_carea' id='block_1_19' title="bbox 118 2131 1116 2249">
    <p class='ocr_par' dir='ltr' id='par_1_27' title="bbox 118 2131 1116 2249">
     <span class='ocr_line' id='line_1_80' title="bbox 118 2131 1089 2173; baseline -0.001 -9"><span class='ocrx_word' id='word_1_545' title='bbox 118 2133 244 2164; x_wconf 74' lang='lat' dir='ltr'><strong>scilicet</strong></span> <span class='ocrx_word' id='word_1_546' title='bbox 270 2131 497 2170; x_wconf 83' lang='lat' dir='ltr'><strong>humilitatem,</strong></span> <span class='ocrx_word' id='word_1_547' title='bbox 522 2134 727 2169; x_wconf 78' lang='lat' dir='ltr'><strong>castitatem,</strong></span> <span class='ocrx_word' id='word_1_548' title='bbox 751 2132 949 2173; x_wconf 84' lang='lat' dir='ltr'><strong>patientium,</strong></span> <span class='ocrx_word' id='word_1_549' title='bbox 973 2132 1089 2163; x_wconf 85' lang='lat' dir='ltr'><strong>carita-</strong></span> 
     </span>
     <span class='ocr_line' id='line_1_81' title="bbox 118 2174 1116 2249; baseline -0.001 -43"><span class='ocrx_word' id='word_1_550' title='bbox 118 2183 182 2207; x_wconf 86' lang='lat' dir='ltr'><strong>tem</strong></span> <span class='ocrx_word' id='word_1_551' title='bbox 205 2183 236 2207; x_wconf 81' lang='lat' dir='ltr'><strong>et</strong></span> <span class='ocrx_word' id='word_1_552' title='bbox 262 2174 386 2207; x_wconf 78' lang='lat' dir='ltr'><strong>similes</strong></span> <span class='ocrx_word' id='word_1_553' title='bbox 410 2174 547 2207; x_wconf 80' lang='lat' dir='ltr'><strong>fructus.</strong></span> <span class='ocrx_word' id='word_1_554' title='bbox 573 2175 617 2206; x_wconf 80' lang='lat' dir='ltr'><strong>lbi</strong></span> <span class='ocrx_word' id='word_1_555' title='bbox 641 2186 699 2206; x_wconf 86' lang='lat' dir='ltr'><strong>cor</strong></span> <span class='ocrx_word' id='word_1_556' title='bbox 722 2176 862 2249; x_wconf 80' lang='lat' dir='ltr'><strong>concipit</strong></span> <span class='ocrx_word' id='word_1_557' title='bbox 887 2186 945 2216; x_wconf 90' lang='lat' dir='ltr'><strong>pro</strong></span> <span class='ocrx_word' id='word_1_558' title='bbox 961 2175 1088 2206; x_wconf 65' lang='lat' dir='ltr'><strong>vositum</strong></span> <span class='ocrx_word' id='word_1_559' title='bbox 1113 2179 1116 2189; x_wconf 90' lang='lat'>&#39;</span> 
     </span>
    </p>
   </div>
   <div class='ocr_carea' id='block_1_20' title="bbox 119 2218 1088 2260">
    <p class='ocr_par' dir='ltr' id='par_1_28' title="bbox 119 2218 1088 2260">
     <span class='ocr_line' id='line_1_82' title="bbox 119 2218 1088 2260; baseline -0.002 -10"><span class='ocrx_word' id='word_1_560' title='bbox 119 2220 224 2250; x_wconf 81' lang='lat' dir='ltr'><strong>bonae</strong></span> <span class='ocrx_word' id='word_1_561' title='bbox 241 2219 324 2249; x_wconf 75' lang='lat' dir='ltr'><strong>vitae</strong></span> <span class='ocrx_word' id='word_1_562' title='bbox 344 2226 375 2249; x_wconf 84' lang='lat' dir='ltr'><strong>et</strong></span> <span class='ocrx_word' id='word_1_563' title='bbox 395 2219 502 2251; x_wconf 82' lang='lat' dir='ltr'><strong>odium</strong></span> <span class='ocrx_word' id='word_1_564' title='bbox 523 2219 662 2260; x_wconf 81' lang='lat' dir='ltr'><strong>peccati,</strong></span> <span class='ocrx_word' id='word_1_565' title='bbox 687 2220 734 2249; x_wconf 67' lang='lat' dir='ltr'><strong>sic</strong></span> <span class='ocrx_word' id='word_1_566' title='bbox 749 2218 815 2249; x_wconf 86' lang='lat' dir='ltr'><strong>l&#39;au</strong></span> <span class='ocrx_word' id='word_1_567' title='bbox 833 2228 870 2249; x_wconf 92' lang='lat' dir='ltr'><strong>us</strong></span> <span class='ocrx_word' id='word_1_568' title='bbox 888 2219 932 2250; x_wconf 87' lang='lat' dir='ltr'><strong>ait</strong></span> <span class='ocrx_word' id='word_1_569' title='bbox 981 2228 1044 2249; x_wconf 92' lang='lat' dir='ltr'><strong>om.</strong></span> <span class='ocrx_word' id='word_1_570' title='bbox 1057 2218 1088 2248; x_wconf 74' lang='lat'><strong>6.</strong></span> 
     </span>
    </p>
   </div>
   <div class='ocr_carea' id='block_1_21' title="bbox 119 2306 318 2311">
    <p class='ocr_par' dir='ltr' id='par_1_29' title="bbox 119 2306 318 2311">
     <span class='ocr_line' id='line_1_83' title="bbox 119 2306 318 2311; baseline 0 0"><span class='ocrx_word' id='word_1_571' title='bbox 119 2306 318 2311; x_wconf 95' lang='lat' dir='ltr'><strong> </strong></span> 
     </span>
    </p>
   </div>
   <div class='ocr_carea' id='block_1_22' title="bbox 119 2355 1064 2439">
    <p class='ocr_par' dir='ltr' id='par_1_30' title="bbox 119 2355 1064 2439">
     <span class='ocr_line' id='line_1_84' title="bbox 119 2355 1064 2389; baseline 0 -9"><span class='ocrx_word' id='word_1_572' title='bbox 119 2358 163 2383; x_wconf 63' lang='grc' dir='ltr'><strong>Ἡ)</strong></span> <span class='ocrx_word' id='word_1_573' title='bbox 184 2357 266 2388; x_wconf 61' lang='lat' dir='ltr'><strong>renat}</strong></span> <span class='ocrx_word' id='word_1_574' title='bbox 286 2365 320 2378; x_wconf 72' lang='lat' dir='ltr'><strong>nc</strong></span> <span class='ocrx_word' id='word_1_575' title='bbox 340 2359 440 2389; x_wconf 59' lang='lat' dir='ltr'><strong>»erup-i:</strong></span> <span class='ocrx_word' id='word_1_576' title='bbox 462 2357 542 2380; x_wconf 76' lang='lat' dir='ltr'><strong>Editt.</strong></span> <span class='ocrx_word' id='word_1_577' title='bbox 561 2358 683 2381; x_wconf 68' lang='lat' dir='ltr'><strong>straboni</strong></span> <span class='ocrx_word' id='word_1_578' title='bbox 703 2362 727 2380; x_wconf 81' lang='lat' dir='ltr'><strong>et</strong></span> <span class='ocrx_word' id='word_1_579' title='bbox 748 2357 850 2380; x_wconf 70' lang='lat' dir='ltr'><strong>Weberi</strong></span> <span class='ocrx_word' id='word_1_580' title='bbox 870 2355 973 2381; x_wconf 67' lang='lat' dir='ltr'><strong>habene.-</strong></span> <span class='ocrx_word' id='word_1_581' title='bbox 993 2362 1064 2387; x_wconf 74' lang='lat' dir='ltr'><strong>reget</strong></span> 
     </span>
     <span class='ocr_line' id='line_1_85' title="bbox 119 2408 408 2439; baseline 0 -8"><span class='ocrx_word' id='word_1_582' title='bbox 119 2409 163 2437; x_wconf 75' lang='grc' dir='ltr'><strong>Ἡ)</strong></span> <span class='ocrx_word' id='word_1_583' title='bbox 183 2408 251 2439; x_wconf 69' lang='lat' dir='ltr'><strong>vieo}</strong></span> <span class='ocrx_word' id='word_1_584' title='bbox 273 2409 318 2431; x_wconf 59' lang='lat' dir='ltr'><strong>Fut.</strong></span> <span class='ocrx_word' id='word_1_585' title='bbox 340 2410 354 2431; x_wconf 74' lang='grc'><strong>’2</strong></span> <span class='ocrx_word' id='word_1_586' title='bbox 384 2409 408 2431; x_wconf 76' lang='lat' dir='ltr'><strong>id</strong></span> 
     </span>
    </p>
   </div>
   <div class='ocr_carea' id='block_1_23' title="bbox 118 2459 1090 2491">
    <p class='ocr_par' dir='ltr' id='par_1_31' title="bbox 118 2459 1090 2491">
     <span class='ocr_line' id='line_1_86' title="bbox 118 2459 1090 2491; baseline 0.002 -9"><span class='ocrx_word' id='word_1_587' title='bbox 118 2459 164 2487; x_wconf 65' lang='lat'><strong>2⁵)</strong></span> <span class='ocrx_word' id='word_1_588' title='bbox 183 2462 207 2482; x_wconf 84' lang='lat' dir='ltr'><strong>in</strong></span> <span class='ocrx_word' id='word_1_589' title='bbox 227 2460 303 2482; x_wconf 64' lang='lat' dir='ltr'><strong>corrta·</strong></span> <span class='ocrx_word' id='word_1_590' title='bbox 330 2461 449 2489; x_wconf 65' lang='lat' dir='ltr'><strong>contrito]</strong></span> <span class='ocrx_word' id='word_1_591' title='bbox 477 2460 521 2483; x_wconf 71' lang='lat' dir='ltr'><strong>Ed.</strong></span> <span class='ocrx_word' id='word_1_592' title='bbox 544 2461 566 2484; x_wconf 72' lang='lat'><strong>2,</strong></span> <span class='ocrx_word' id='word_1_593' title='bbox 595 2461 618 2483; x_wconf 77' lang='lat' dir='ltr'><strong>in</strong></span> <span class='ocrx_word' id='word_1_594' title='bbox 645 2460 696 2488; x_wconf 73' lang='lat' dir='ltr'><strong>his,</strong></span> <span class='ocrx_word' id='word_1_595' title='bbox 720 2468 827 2491; x_wconf 81' lang='lat' dir='ltr'><strong>quorum</strong></span> <span class='ocrx_word' id='word_1_596' title='bbox 853 2460 932 2484; x_wconf 77' lang='lat' dir='ltr'><strong>eorda</strong></span> <span class='ocrx_word' id='word_1_597' title='bbox 957 2462 1090 2491; x_wconf 67' lang='lat' dir='ltr'><strong>perterrita</strong></span> 
     </span>
    </p>
   </div>
   <div class='ocr_carea' id='block_1_24' title="bbox 188 2497 643 2525">
    <p class='ocr_par' dir='ltr' id='par_1_32' title="bbox 188 2497 643 2525">
     <span class='ocr_line' id='line_1_87' title="bbox 188 2497 643 2525; baseline 0.013 -13"><span class='ocrx_word' id='word_1_598' title='bbox 188 2499 252 2519; x_wconf 69' lang='lat' dir='ltr'><strong>mm,</strong></span> <span class='ocrx_word' id='word_1_599' title='bbox 274 2501 315 2515; x_wconf 69' lang='lat' dir='ltr'><strong>ean</strong></span> <span class='ocrx_word' id='word_1_600' title='bbox 337 2497 376 2519; x_wconf 76' lang='lat' dir='ltr'><strong>(nt</strong></span> <span class='ocrx_word' id='word_1_601' title='bbox 399 2497 504 2525; x_wconf 70' lang='lat' dir='ltr'><strong>vocant)</strong></span> <span class='ocrx_word' id='word_1_602' title='bbox 525 2497 643 2519; x_wconf 72' lang='lat' dir='ltr'><strong>rontritn.</strong></span> 
     </span>
    </p>
   </div>
   <div class='ocr_carea' id='block_1_25' title="bbox 118 2543 1090 2612">
    <p class='ocr_par' dir='ltr' id='par_1_33' title="bbox 118 2543 1090 2612">
     <span class='ocr_line' id='line_1_88' title="bbox 118 2543 1090 2579; baseline 0.003 -12"><span class='ocrx_word' id='word_1_603' title='bbox 118 2543 165 2572; x_wconf 69' lang='lat'><strong>26)</strong></span> <span class='ocrx_word' id='word_1_604' title='bbox 185 2546 228 2567; x_wconf 67' lang='lat' dir='ltr'><strong>si»-</strong></span> <span class='ocrx_word' id='word_1_605' title='bbox 258 2551 331 2568; x_wconf 75' lang='lat' dir='ltr'><strong>.nt·m</strong></span> <span class='ocrx_word' id='word_1_606' title='bbox 352 2551 464 2574; x_wconf 59' lang='lat' dir='ltr'><strong>erigatur</strong></span> <span class='ocrx_word' id='word_1_607' title='bbox 487 2561 514 2564; x_wconf 86' lang='lat'><strong>—</strong></span> <span class='ocrx_word' id='word_1_608' title='bbox 536 2546 751 2579; x_wconf 62' lang='lat' dir='ltr'><strong>consulationem!</strong></span> <span class='ocrx_word' id='word_1_609' title='bbox 774 2545 819 2570; x_wconf 71' lang='lat' dir='ltr'><strong>Ed.</strong></span> <span class='ocrx_word' id='word_1_610' title='bbox 842 2547 863 2569; x_wconf 73' lang='lat'><strong>².</strong></span> <span class='ocrx_word' id='word_1_611' title='bbox 885 2546 956 2569; x_wconf 66' lang='lat' dir='ltr'><strong>&#39;runc</strong></span> <span class='ocrx_word' id='word_1_612' title='bbox 978 2548 1090 2578; x_wconf 58' lang='lat' dir='ltr'><strong>concipit</strong></span> 
     </span>
     <span class='ocr_line' id='line_1_89' title="bbox 188 2579 1089 2612; baseline 0.006 -11"><span class='ocrx_word' id='word_1_613' title='bbox 188 2579 261 2602; x_wconf 72' lang='lat' dir='ltr'><strong>fidem</strong></span> <span class='ocrx_word' id='word_1_614' title='bbox 283 2587 340 2605; x_wconf 66' lang='lat' dir='ltr'><strong>cnr,</strong></span> <span class='ocrx_word' id='word_1_615' title='bbox 368 2588 422 2603; x_wconf 79' lang='lat' dir='ltr'><strong>rum</strong></span> <span class='ocrx_word' id='word_1_616' title='bbox 443 2581 649 2611; x_wconf 53' lang='lat' dir='ltr'><strong>portarurn-anm</strong></span> <span class='ocrx_word' id='word_1_617' title='bbox 669 2581 717 2605; x_wconf 74' lang='lat' dir='ltr'><strong>hou·</strong></span> <span class='ocrx_word' id='word_1_618' title='bbox 738 2582 816 2605; x_wconf 80' lang='lat' dir='ltr'><strong>modo</strong></span> <span class='ocrx_word' id='word_1_619' title='bbox 836 2582 943 2612; x_wconf 75' lang='lat' dir='ltr'><strong>origitur</strong></span> <span class='ocrx_word' id='word_1_620' title='bbox 961 2586 986 2604; x_wconf 77' lang='lat' dir='ltr'><strong>et</strong></span> <span class='ocrx_word' id='word_1_621' title='bbox 1005 2583 1089 2606; x_wconf 70' lang='lat' dir='ltr'><strong>eonci-</strong></span> 
     </span>
    </p>
   </div>
   <div class='ocr_carea' id='block_1_26' title="bbox 188 2615 444 2643">
    <p class='ocr_par' dir='ltr' id='par_1_34' title="bbox 188 2615 444 2643">
     <span class='ocr_line' id='line_1_90' title="bbox 188 2615 444 2643; baseline 0.004 -7"><span class='ocrx_word' id='word_1_622' title='bbox 188 2618 221 2643; x_wconf 78' lang='lat' dir='ltr'><strong>pit</strong></span> <span class='ocrx_word' id='word_1_623' title='bbox 242 2615 444 2637; x_wconf 50' lang='lat' dir='ltr'><strong>cumulatum-m</strong></span> 
     </span>
    </p>
   </div>
   <div class='ocr_carea' id='block_1_27' title="bbox 1111 1737 2124 2475">
    <p class='ocr_par' dir='ltr' id='par_1_35' title="bbox 1139 1737 2124 2044">
     <span class='ocr_line' id='line_1_91' title="bbox 1139 1737 2123 1785; baseline 0 -12"><span class='ocrx_word' id='word_1_624' title='bbox 1139 1742 1386 1784; x_wconf 82' lang='lat' dir='ltr'><strong>poenitentiam.</strong></span> <span class='ocrx_word' id='word_1_625' title='bbox 1431 1741 1509 1772; x_wconf 89' lang='lat' dir='ltr'><strong>ldeo</strong></span> <span class='ocrx_word' id='word_1_626' title='bbox 1552 1741 1632 1772; x_wconf 55' lang='lat' dir='ltr'><strong>dixit</strong></span> <span class='ocrx_word' id='word_1_627' title='bbox 1667 1739 1843 1772; x_wconf 80' lang='lat' dir='ltr'><strong>Salomon:</strong></span> <span class='ocrx_word' id='word_1_628' title='bbox 1877 1740 1983 1776; x_wconf 88' lang='lat' dir='ltr'><strong>Quem</strong></span> <span class='ocrx_word' id='word_1_629' title='bbox 2015 1737 2123 1785; x_wconf 73' lang='lat' dir='ltr'><strong>&#39;diligit</strong></span> 
     </span>
     <span class='ocr_line' id='line_1_92' title="bbox 1140 1779 2123 1825; baseline -0.001 -8"><span class='ocrx_word' id='word_1_630' title='bbox 1140 1786 1244 1822; x_wconf 90' lang='lat' dir='ltr'><strong>Deus,</strong></span> <span class='ocrx_word' id='word_1_631' title='bbox 1270 1785 1415 1825; x_wconf 86' lang='lat' dir='ltr'><strong>corripit.</strong></span> <span class='ocrx_word' id='word_1_632' title='bbox 1461 1784 1501 1816; x_wconf 83' lang='lat' dir='ltr'><strong>Et</strong></span> <span class='ocrx_word' id='word_1_633' title='bbox 1531 1783 1673 1816; x_wconf 86' lang='lat' dir='ltr'><strong>Paulus:</strong></span> <span class='ocrx_word' id='word_1_634' title='bbox 1704 1779 1791 1815; x_wconf 84' lang='lat' dir='ltr'><strong>Dum</strong></span> <span class='ocrx_word' id='word_1_635' title='bbox 1814 1783 2014 1821; x_wconf 82' lang='lat' dir='ltr'><strong>iudicamur,</strong></span> <span class='ocrx_word' id='word_1_636' title='bbox 2049 1794 2123 1816; x_wconf 89' lang='lat' dir='ltr'><strong>cor-</strong></span> 
     </span>
     <span class='ocr_line' id='line_1_93' title="bbox 1140 1826 2122 1870; baseline -0.003 -10"><span class='ocrx_word' id='word_1_637' title='bbox 1140 1829 1282 1870; x_wconf 88' lang='lat' dir='ltr'><strong>ripimur.</strong></span> <span class='ocrx_word' id='word_1_638' title='bbox 1340 1827 1424 1859; x_wconf 87' lang='lat' dir='ltr'><strong>Sunt</strong></span> <span class='ocrx_word' id='word_1_639' title='bbox 1447 1827 1600 1869; x_wconf 80' lang='lat' dir='ltr'><strong>exempla</strong></span> <span class='ocrx_word' id='word_1_640' title='bbox 1623 1827 1793 1858; x_wconf 76' lang='lat' dir='ltr'><strong>recitanda</strong></span> <span class='ocrx_word' id='word_1_641' title='bbox 1819 1826 1945 1863; x_wconf 81' lang='lat' dir='ltr'><strong>David,</strong></span> <span class='ocrx_word' id='word_1_642' title='bbox 1984 1827 2038 1868; x_wconf 82' lang='lat' dir='ltr'><strong>qui</strong></span> <span class='ocrx_word' id='word_1_643' title='bbox 2062 1827 2122 1859; x_wconf 86' lang='lat' dir='ltr'><strong>nit:</strong></span> 
     </span>
     <span class='ocr_line' id='line_1_94' title="bbox 1141 1869 2124 1913; baseline -0.001 -10"><span class='ocrx_word' id='word_1_644' title='bbox 1141 1872 1268 1903; x_wconf 87' lang='lat' dir='ltr'><strong>Bonum</strong></span> <span class='ocrx_word' id='word_1_645' title='bbox 1287 1869 1376 1909; x_wconf 78' lang='lat' dir='ltr'><strong>milti,</strong></span> <span class='ocrx_word' id='word_1_646' title='bbox 1399 1871 1487 1913; x_wconf 91' lang='lat' dir='ltr'><strong>quod</strong></span> <span class='ocrx_word' id='word_1_647' title='bbox 1512 1869 1690 1902; x_wconf 86' lang='lat' dir='ltr'><strong>humiliasti</strong></span> <span class='ocrx_word' id='word_1_648' title='bbox 1711 1879 1772 1903; x_wconf 77' lang='lat' dir='ltr'><strong>me.</strong></span> <span class='ocrx_word' id='word_1_649' title='bbox 1794 1876 1828 1901; x_wconf 89' lang='lat' dir='ltr'><strong>ut</strong></span> <span class='ocrx_word' id='word_1_650' title='bbox 1849 1869 2010 1901; x_wconf 82' lang='lat' dir='ltr'><strong>discerem</strong></span> <span class='ocrx_word' id='word_1_651' title='bbox 2029 1870 2124 1902; x_wconf 86' lang='lat' dir='ltr'><strong>iusti·</strong></span> 
     </span>
     <span class='ocr_line' id='line_1_95' title="bbox 1141 1911 2123 1956; baseline -0.001 -10"><span class='ocrx_word' id='word_1_652' title='bbox 1141 1915 1315 1946; x_wconf 84' lang='lat' dir='ltr'><strong>ficationes</strong></span> <span class='ocrx_word' id='word_1_653' title='bbox 1339 1920 1424 1946; x_wconf 84' lang='lat' dir='ltr'><strong>tuas.</strong></span> <span class='ocrx_word' id='word_1_654' title='bbox 1470 1913 1549 1945; x_wconf 83' lang='lat' dir='ltr'><strong>ltem</strong></span> <span class='ocrx_word' id='word_1_655' title='bbox 1573 1912 1742 1951; x_wconf 76' lang='lat' dir='ltr'><strong>Manasse,</strong></span> <span class='ocrx_word' id='word_1_656' title='bbox 1765 1913 1796 1944; x_wconf 77' lang='lat'><strong>2.</strong></span> <span class='ocrx_word' id='word_1_657' title='bbox 1822 1911 1966 1955; x_wconf 82' lang='lat' dir='ltr'><strong>Paralip.</strong></span> <span class='ocrx_word' id='word_1_658' title='bbox 1990 1911 2043 1944; x_wconf 86' lang='lat'><strong>33.</strong></span> <span class='ocrx_word' id='word_1_659' title='bbox 2067 1913 2123 1956; x_wconf 80' lang='lat' dir='ltr'><strong>qui</strong></span> 
     </span>
     <span class='ocr_line' id='line_1_96' title="bbox 1139 1955 2124 2000; baseline -0.001 -11"><span class='ocrx_word' id='word_1_660' title='bbox 1139 1965 1316 2000; x_wconf 86' lang='lat' dir='ltr'><strong>postquam</strong></span> <span class='ocrx_word' id='word_1_661' title='bbox 1335 1963 1576 1999; x_wconf 79' lang='lat' dir='ltr'><strong>coangustatus</strong></span> <span class='ocrx_word' id='word_1_662' title='bbox 1591 1962 1654 1994; x_wconf 85' lang='lat' dir='ltr'><strong>est,</strong></span> <span class='ocrx_word' id='word_1_663' title='bbox 1678 1957 1785 1988; x_wconf 74' lang='lat' dir='ltr'><strong>oravit</strong></span> <span class='ocrx_word' id='word_1_664' title='bbox 1799 1955 1989 1994; x_wconf 89' lang='lat' dir='ltr'><strong>Dominum,</strong></span> <span class='ocrx_word' id='word_1_665' title='bbox 2013 1955 2124 1988; x_wconf 82' lang='lat' dir='ltr'><strong>Deum</strong></span> 
     </span>
     <span class='ocr_line' id='line_1_97' title="bbox 1140 1997 2122 2044; baseline -0.001 -11"><span class='ocrx_word' id='word_1_666' title='bbox 1140 2012 1246 2037; x_wconf 76' lang='lat' dir='ltr'><strong>suum,</strong></span> <span class='ocrx_word' id='word_1_667' title='bbox 1269 2008 1301 2032; x_wconf 78' lang='lat' dir='ltr'><strong>et</strong></span> <span class='ocrx_word' id='word_1_668' title='bbox 1324 2001 1392 2044; x_wconf 82' lang='lat' dir='ltr'><strong>egit</strong></span> <span class='ocrx_word' id='word_1_669' title='bbox 1416 2000 1649 2042; x_wconf 86' lang='lat' dir='ltr'><strong>poenitentiam</strong></span> <span class='ocrx_word' id='word_1_670' title='bbox 1663 1997 1760 2031; x_wconf 73' lang='lat' dir='ltr'><strong>valde</strong></span> <span class='ocrx_word' id='word_1_671' title='bbox 1778 2010 1892 2031; x_wconf 86' lang='lat' dir='ltr'><strong>corum</strong></span> <span class='ocrx_word' id='word_1_672' title='bbox 1907 1998 1980 2031; x_wconf 88' lang='lat' dir='ltr'><strong>Deo</strong></span> <span class='ocrx_word' id='word_1_673' title='bbox 1993 2005 2122 2040; x_wconf 82' lang='lat' dir='ltr'><strong>patrum</strong></span> 
     </span>
    </p>

    <p class='ocr_par' dir='ltr' id='par_1_36' title="bbox 1111 2037 2123 2085">
     <span class='ocr_line' id='line_1_98' title="bbox 1111 2037 2123 2085; baseline -0.001 -10"><span class='ocrx_word' id='word_1_674' title='bbox 1111 2037 1117 2079; x_wconf 79' lang='lat' dir='ltr'><strong>l</strong></span> <span class='ocrx_word' id='word_1_675' title='bbox 1140 2054 1292 2082; x_wconf 83' lang='lat' dir='ltr'><strong>suorum,</strong></span> <span class='ocrx_word' id='word_1_676' title='bbox 1321 2044 1520 2085; x_wconf 79' lang='lat' dir='ltr'><strong>deprecatus</strong></span> <span class='ocrx_word' id='word_1_677' title='bbox 1548 2049 1600 2074; x_wconf 88' lang='lat' dir='ltr'><strong>est</strong></span> <span class='ocrx_word' id='word_1_678' title='bbox 1621 2053 1695 2075; x_wconf 83' lang='lat' dir='ltr'><strong>eum</strong></span> <span class='ocrx_word' id='word_1_679' title='bbox 1719 2049 1751 2074; x_wconf 89' lang='lat' dir='ltr'><strong>et</strong></span> <span class='ocrx_word' id='word_1_680' title='bbox 1774 2043 1964 2074; x_wconf 77' lang='lat' dir='ltr'><strong>obsecravit</strong></span> <span class='ocrx_word' id='word_1_681' title='bbox 1987 2044 2123 2082; x_wconf 85' lang='lat' dir='ltr'><strong>intente,</strong></span> 
     </span>
    </p>

    <p class='ocr_par' dir='ltr' id='par_1_37' title="bbox 1112 2084 2122 2173">
     <span class='ocr_line' id='line_1_99' title="bbox 1112 2084 2122 2162; baseline -0.002 -42"><span class='ocrx_word' id='word_1_682' title='bbox 1112 2089 1116 2162; x_wconf 67' lang='grc' dir='ltr'>Ι</span> <span class='ocrx_word' id='word_1_683' title='bbox 1141 2094 1173 2120; x_wconf 87' lang='lat' dir='ltr'><strong>et</strong></span> <span class='ocrx_word' id='word_1_684' title='bbox 1195 2087 1318 2119; x_wconf 77' lang='lat' dir='ltr'><strong>audivit</strong></span> <span class='ocrx_word' id='word_1_685' title='bbox 1339 2088 1522 2119; x_wconf 84' lang='lat' dir='ltr'><strong>orationem</strong></span> <span class='ocrx_word' id='word_1_686' title='bbox 1544 2087 1626 2119; x_wconf 85' lang='lat' dir='ltr'><strong>eius.</strong></span> <span class='ocrx_word' id='word_1_687' title='bbox 1674 2085 1752 2118; x_wconf 84' lang='lat' dir='ltr'><strong>ltern</strong></span> <span class='ocrx_word' id='word_1_688' title='bbox 1776 2085 1842 2118; x_wconf 87' lang='lat' dir='ltr'><strong>alia</strong></span> <span class='ocrx_word' id='word_1_689' title='bbox 1858 2084 1960 2118; x_wconf 81' lang='lat' dir='ltr'><strong>multa</strong></span> <span class='ocrx_word' id='word_1_690' title='bbox 1983 2096 2025 2118; x_wconf 82' lang='lat' dir='ltr'><strong>ex</strong></span> <span class='ocrx_word' id='word_1_691' title='bbox 2042 2086 2122 2119; x_wconf 78' lang='lat' dir='ltr'><strong>sert-</strong></span> 
     </span>
     <span class='ocr_line' id='line_1_100' title="bbox 1140 2130 1518 2173; baseline -0.008 -9"><span class='ocrx_word' id='word_1_692' title='bbox 1140 2132 1245 2172; x_wconf 83' lang='lat' dir='ltr'><strong>pturis</strong></span> <span class='ocrx_word' id='word_1_693' title='bbox 1267 2130 1409 2173; x_wconf 83' lang='lat' dir='ltr'><strong>petenda</strong></span> <span class='ocrx_word' id='word_1_694' title='bbox 1430 2137 1518 2162; x_wconf 87' lang='lat' dir='ltr'><strong>sunt.</strong></span> 
     </span>
    </p>

    <p class='ocr_par' dir='ltr' id='par_1_38' title="bbox 1165 2171 2123 2296">
     <span class='ocr_line' id='line_1_101' title="bbox 1226 2171 2123 2215; baseline 0 -10"><span class='ocrx_word' id='word_1_695' title='bbox 1226 2173 1350 2211; x_wconf 81' lang='lat' dir='ltr'><strong>Tertio,</strong></span> <span class='ocrx_word' id='word_1_696' title='bbox 1374 2174 1405 2205; x_wconf 90' lang='lat' dir='ltr'><strong>in</strong></span> <span class='ocrx_word' id='word_1_697' title='bbox 1429 2184 1537 2215; x_wconf 88' lang='lat' dir='ltr'><strong>poena</strong></span> <span class='ocrx_word' id='word_1_698' title='bbox 1559 2183 1620 2204; x_wconf 85' lang='lat' dir='ltr'><strong>seu</strong></span> <span class='ocrx_word' id='word_1_699' title='bbox 1643 2171 1826 2204; x_wconf 80' lang='lat' dir='ltr'><strong>afflictione</strong></span> <span class='ocrx_word' id='word_1_700' title='bbox 1849 2172 2052 2214; x_wconf 79' lang='lat' dir='ltr'><strong>praestanda</strong></span> <span class='ocrx_word' id='word_1_701' title='bbox 2070 2179 2123 2205; x_wconf 76' lang='lat' dir='ltr'><strong>est</strong></span> 
     </span>
     <span class='ocr_line' id='line_1_102' title="bbox 1165 2214 2123 2256; baseline -0.001 -7"><span class='ocrx_word' id='word_1_702' title='bbox 1165 2218 1315 2256; x_wconf 74' lang='lat' dir='ltr'><strong>atientin,</strong></span> <span class='ocrx_word' id='word_1_703' title='bbox 1345 2217 1365 2248; x_wconf 85' lang='lat' dir='ltr'><strong>i.</strong></span> <span class='ocrx_word' id='word_1_704' title='bbox 1388 2227 1418 2248; x_wconf 88' lang='lat' dir='ltr'><strong>c.</strong></span> <span class='ocrx_word' id='word_1_705' title='bbox 1444 2227 1509 2248; x_wconf 89' lang='lat' dir='ltr'><strong>non</strong></span> <span class='ocrx_word' id='word_1_706' title='bbox 1534 2217 1693 2248; x_wconf 83' lang='lat' dir='ltr'><strong>debemus</strong></span> <span class='ocrx_word' id='word_1_707' title='bbox 1718 2217 1816 2247; x_wconf 76' lang='lat' dir='ltr'><strong>irasci</strong></span> <span class='ocrx_word' id='word_1_708' title='bbox 1841 2226 1900 2247; x_wconf 86' lang='lat' dir='ltr'><strong>seu</strong></span> <span class='ocrx_word' id='word_1_709' title='bbox 1924 2214 2123 2248; x_wconf 75' lang='lat' dir='ltr'><strong>maledicere</strong></span> 
     </span>
     <span class='ocr_line' id='line_1_103' title="bbox 1176 2259 2122 2296; baseline -0.003 -3"><span class='ocrx_word' id='word_1_710' title='bbox 1176 2272 1226 2296; x_wconf 88' lang='lat' dir='ltr'><strong>eo,</strong></span> <span class='ocrx_word' id='word_1_711' title='bbox 1246 2261 1332 2292; x_wconf 83' lang='lat' dir='ltr'><strong>sicut</strong></span> <span class='ocrx_word' id='word_1_712' title='bbox 1345 2259 1559 2292; x_wconf 84' lang='lat' dir='ltr'><strong>lsraelitaein</strong></span> <span class='ocrx_word' id='word_1_713' title='bbox 1584 2260 1672 2291; x_wconf 82' lang='lat' dir='ltr'><strong>exitu</strong></span> <span class='ocrx_word' id='word_1_714' title='bbox 1690 2260 1938 2291; x_wconf 81' lang='lat' dir='ltr'><strong>murmurabant</strong></span> <span class='ocrx_word' id='word_1_715' title='bbox 1958 2259 2122 2291; x_wconf 76' lang='lat' dir='ltr'><strong>adversus</strong></span> 
     </span>
    </p>

    <p class='ocr_par' dir='ltr' id='par_1_39' title="bbox 1114 2301 2124 2475">
     <span class='ocr_line' id='line_1_104' title="bbox 1141 2301 2123 2345; baseline -0.002 -9"><span class='ocrx_word' id='word_1_716' title='bbox 1141 2304 1261 2342; x_wconf 89' lang='lat' dir='ltr'><strong>Deum,</strong></span> <span class='ocrx_word' id='word_1_717' title='bbox 1295 2304 1360 2335; x_wconf 87' lang='lat' dir='ltr'><strong>Sed</strong></span> <span class='ocrx_word' id='word_1_718' title='bbox 1395 2304 1505 2345; x_wconf 82' lang='lat' dir='ltr'><strong>potius</strong></span> <span class='ocrx_word' id='word_1_719' title='bbox 1539 2303 1697 2334; x_wconf 86' lang='lat' dir='ltr'><strong>debemus</strong></span> <span class='ocrx_word' id='word_1_720' title='bbox 1731 2313 1919 2345; x_wconf 81' lang='lat' dir='ltr'><strong>agnoscere</strong></span> <span class='ocrx_word' id='word_1_721' title='bbox 1947 2308 1979 2334; x_wconf 86' lang='lat' dir='ltr'><strong>et</strong></span> <span class='ocrx_word' id='word_1_722' title='bbox 2013 2301 2123 2341; x_wconf 78' lang='lat' dir='ltr'><strong>fateri,</strong></span> 
     </span>
     <span class='ocr_line' id='line_1_105' title="bbox 1142 2346 2122 2389; baseline -0.001 -10"><span class='ocrx_word' id='word_1_723' title='bbox 1142 2348 1230 2389; x_wconf 81' lang='lat' dir='ltr'><strong>quod</strong></span> <span class='ocrx_word' id='word_1_724' title='bbox 1254 2347 1414 2379; x_wconf 76' lang='lat' dir='ltr'><strong>eiusmodi</strong></span> <span class='ocrx_word' id='word_1_725' title='bbox 1449 2357 1589 2388; x_wconf 88' lang='lat' dir='ltr'><strong>poenam</strong></span> <span class='ocrx_word' id='word_1_726' title='bbox 1613 2347 1719 2378; x_wconf 89' lang='lat' dir='ltr'><strong>meriti</strong></span> <span class='ocrx_word' id='word_1_727' title='bbox 1748 2348 1852 2378; x_wconf 78' lang='lat' dir='ltr'><strong>simus</strong></span> <span class='ocrx_word' id='word_1_728' title='bbox 1882 2355 1942 2388; x_wconf 89' lang='lat' dir='ltr'><strong>pro</strong></span> <span class='ocrx_word' id='word_1_729' title='bbox 1972 2346 2122 2387; x_wconf 68' lang='lat' dir='ltr'><strong>peccatt-</strong></span> 
     </span>
     <span class='ocr_line' id='line_1_106' title="bbox 1114 2386 2124 2439; baseline -0.001 -18"><span class='ocrx_word' id='word_1_730' title='bbox 1114 2386 1276 2439; x_wconf 57' lang='lat' dir='ltr'><strong>{nostr-is.</strong></span> <span class='ocrx_word' id='word_1_731' title='bbox 1327 2389 1398 2422; x_wconf 81' lang='lat' dir='ltr'><strong>Nos</strong></span> <span class='ocrx_word' id='word_1_732' title='bbox 1433 2391 1518 2421; x_wconf 89' lang='lat' dir='ltr'><strong>enim</strong></span> <span class='ocrx_word' id='word_1_733' title='bbox 1552 2400 1667 2422; x_wconf 80' lang='lat' dir='ltr'><strong>sumus</strong></span> <span class='ocrx_word' id='word_1_734' title='bbox 1702 2389 1879 2421; x_wconf 77' lang='lat' dir='ltr'><strong>adiudicati</strong></span> <span class='ocrx_word' id='word_1_735' title='bbox 1912 2389 2018 2421; x_wconf 83' lang='lat' dir='ltr'><strong>morti.</strong></span> <span class='ocrx_word' id='word_1_736' title='bbox 2074 2388 2124 2421; x_wconf 67' lang='lat' dir='ltr'><strong>lta</strong></span> 
     </span>
     <span class='ocr_line' id='line_1_107' title="bbox 1114 2431 2124 2475; baseline 0 -11"><span class='ocrx_word' id='word_1_737' title='bbox 1114 2446 1117 2463; x_wconf 89' lang='grc' dir='ltr'>ι</span> <span class='ocrx_word' id='word_1_738' title='bbox 1142 2433 1251 2465; x_wconf 79' lang='lat' dir='ltr'><strong>David</strong></span> <span class='ocrx_word' id='word_1_739' title='bbox 1275 2440 1423 2475; x_wconf 79' lang='lat' dir='ltr'><strong>praestat</strong></span> <span class='ocrx_word' id='word_1_740' title='bbox 1447 2434 1653 2475; x_wconf 84' lang='lat' dir='ltr'><strong>patientiam,</strong></span> <span class='ocrx_word' id='word_1_741' title='bbox 1686 2433 1763 2465; x_wconf 87' lang='lat' dir='ltr'><strong>dum</strong></span> <span class='ocrx_word' id='word_1_742' title='bbox 1792 2433 1855 2465; x_wconf 82' lang='lat' dir='ltr'><strong>eit:</strong></span> <span class='ocrx_word' id='word_1_743' title='bbox 1891 2431 2064 2475; x_wconf 72' lang='lat' dir='ltr'><strong>Praecepit</strong></span> <span class='ocrx_word' id='word_1_744' title='bbox 2092 2432 2124 2465; x_wconf 84' lang='lat' dir='ltr'><strong>el</strong></span> 
     </span>
    </p>
   </div>
   <div class='ocr_carea' id='block_1_28' title="bbox 1112 2193 1118 2366">
    <p class='ocr_par' dir='ltr' id='par_1_40' title="bbox 1112 2193 1118 2366">
     <span class='ocr_line' id='line_1_108' title="bbox 1112 2193 1118 2366; baseline 0 578"><span class='ocrx_word' id='word_1_745' title='bbox 1112 2193 1118 2366; x_wconf 95' lang='lat' dir='ltr'><strong> </strong></span> 
     </span>
    </p>
   </div>
   <div class='ocr_carea' id='block_1_29' title="bbox 1112 2474 1118 2637">
    <p class='ocr_par' dir='ltr' id='par_1_41' title="bbox 1112 2474 1118 2637">
     <span class='ocr_line' id='line_1_109' title="bbox 1112 2474 1118 2637; baseline 0 307"><span class='ocrx_word' id='word_1_746' title='bbox 1112 2474 1118 2637; x_wconf 95' lang='lat' dir='ltr'><strong> </strong></span> 
     </span>
    </p>
   </div>
   <div class='ocr_carea' id='block_1_30' title="bbox 1141 2563 1629 2649">
    <p class='ocr_par' dir='ltr' id='par_1_42' title="bbox 1141 2563 1629 2649">
     <span class='ocr_line' id='line_1_110' title="bbox 1141 2563 1629 2597; baseline -0.002 -9"><span class='ocrx_word' id='word_1_747' title='bbox 1141 2566 1188 2596; x_wconf 76' lang='lat'><strong>27)</strong></span> <span class='ocrx_word' id='word_1_748' title='bbox 1208 2563 1342 2597; x_wconf 70' lang='lat' dir='ltr'><strong>tradimus]</strong></span> <span class='ocrx_word' id='word_1_749' title='bbox 1362 2563 1410 2589; x_wconf 72' lang='lat' dir='ltr'><strong>Ed.</strong></span> <span class='ocrx_word' id='word_1_750' title='bbox 1430 2565 1454 2589; x_wconf 74' lang='lat'><strong>2.</strong></span> <span class='ocrx_word' id='word_1_751' title='bbox 1475 2564 1629 2589; x_wconf 62' lang='lat' dir='ltr'><strong>undictam</strong></span> 
     </span>
     <span class='ocr_line' id='line_1_111' title="bbox 1142 2616 1456 2649; baseline -0.003 -9"><span class='ocrx_word' id='word_1_752' title='bbox 1142 2617 1188 2647; x_wconf 69' lang='grc' dir='ltr'><strong>π)</strong></span> <span class='ocrx_word' id='word_1_753' title='bbox 1208 2617 1257 2649; x_wconf 68' lang='lat' dir='ltr'><strong>nic]</strong></span> <span class='ocrx_word' id='word_1_754' title='bbox 1277 2616 1324 2641; x_wconf 76' lang='lat' dir='ltr'><strong>Ed.</strong></span> <span class='ocrx_word' id='word_1_755' title='bbox 1345 2616 1369 2641; x_wconf 64' lang='grc' dir='ltr'><strong>ἱ.</strong></span> <span class='ocrx_word' id='word_1_756' title='bbox 1389 2616 1456 2640; x_wconf 74' lang='lat' dir='ltr'><strong>nient</strong></span> 
     </span>
    </p>
   </div>
  </div>
 </body>
</html>
