2324 2944
774 134 815 168 B.
860 134 1107 168 CONFESSlO
1129 132 1406 166 AUGUSTANA
1427 132 1540 167 IPSA.
2057 135 2122 168 270

109 139 174 172 269
690 135 727 167 ll.

1116 234 1406 271 -congregaretur
1440 226 1642 266 Concilium,
1686 227 1726 259 Et
1762 229 1838 270 quia
1881 238 2003 260 causae
2035 240 2119 271 quae

109 275 154 307 V.
165 275 212 307 M.
235 276 369 307 nomine
383 277 427 313 ⁹⁹)
440 273 603 316 allegatae
622 275 680 312 ¹⁰⁰)
703 278 791 312 sunt,
804 283 869 305 non
890 273 978 305 velle
999 274 1090 316 quic·
1115 258 1119 277 Ι
1142 276 1210 304 tum
1228 273 1268 309 19)
1291 272 1518 303 tractabantur
1540 272 1623 302 inter
1648 270 1688 302 V.
1709 270 1746 302 C.
1774 271 1819 302 M.
1844 277 1876 302 et
1904 270 1964 303 Ro.
2010 271 2119 304 Ponti-

110 329 215 361 quam·
227 321 250 357 ¹)
273 319 492 350 determinare
523 327 587 348 nec
623 315 823 348 concludere
845 326 956 358 posse,
971 319 998 354 2¹)
1028 316 1088 348 sed
1141 313 1257 353 ficem,
1280 314 1408 345 vicinae
1431 320 1543 345 essent
1557 315 1603 346 ⁴²⁰)
1633 315 1833 346 concordiae
1856 321 1888 345 et
1911 313 2119 348 Christianae

108 361 197 403 apud
217 361 408 402 pontificem
436 360 618 392 Romanum
647 369 707 400 pro
737 359 848 391 officio
873 359 914 391 V.
940 360 975 391 C.
1000 359 1088 396 M.⁸)
1113 353 1118 364 ⁵
1142 356 1416 396 reconciliationi,
1439 367 1505 388 non
1529 357 1693 388 dubitaret
1719 357 1760 388 V.
1787 358 1824 388 C.
1848 357 1893 388 M.
1913 358 1990 399 quin
2005 357 2118 390 Roma.

109 404 286 447 diligenter
316 404 467 435 daturam
496 412 632 444 operam
661 403 702 434 de
735 403 973 446 congregando
1003 401 1089 434 Con·
1142 399 1296 432 Pontifex
1318 400 1438 432 adduci
1462 407 1578 441 posset
1601 400 1643 431 ad
1656 399 1842 432 habendum
1854 399 2011 443 generale
2034 400 2121 433 Con-

109 446 186 480 cilio
220 446 379 489 generali.
395 448 427 488 ⁴)
478 445 759 482 Quemadmodum
773 447 800 478 ὁ)
829 446 915 478 idem
931 449 958 480 6)
988 445 1089 477 latius
1114 448 1116 461 ¹
1141 442 1262 475 cilium.
1278 444 1322 481 ²¹)
1357 443 1433 475 ldeo
1457 442 1667 485 significat-at.
1681 444 1724 481 ²2)
1747 454 1786 475 se
1809 443 1851 474 V.
1865 442 1901 475 C.
1917 443 1962 474 Μ.
1985 454 2016 485 01
2031 454 2119 475 eram

108 491 299 533 expositum
331 488 490 522 est'ante
521 499 642 520 annum
671 488 702 519 in
731 487 865 530 publico
896 490 1045 531 proximo
1062 491 1089 525 7)
1114 488 1117 493 “
1142 487 1292 518 daturam
1307 488 1351 518 ²⁸)
1392 492 1427 517 vt
1465 484 1636 526 praefatus
1651 487 1695 524 24)
1729 486 1832 518 Ponti.
1899 485 2060 519 Maximus
2075 488 2119 521 ²⁵)

109 540 294 572 conuentu,
317 533 372 575 qui
394 533 512 574 Spirae
536 538 762 573 congregatus
790 532 860 563 suit.
876 535 906 565 δ’)
952 532 1017 563 Vbi
1046 531 1088 562 V.
1114 497 1118 570 l
1142 539 1207 561 vna
1220 531 1265 567 26)
1290 539 1362 561 cum
1385 529 1427 560 V.
1452 528 1491 561 C.
1521 528 1563 560 M.
1592 527 1658 560 tale
1681 528 1840 571 generale
1860 529 2057 568 Concilium,
2073 532 2118 565 ²⁷)

108 575 146 608 C.
168 576 212 608 M.
244 586 305 618 per
333 576 499 607 dominum
512 577 540 612 ⁹)
574 574 835 613 Fet-dinandum,
869 575 1026 606 Boemiae
1056 581 1088 606 et
1113 571 1117 606 i
1140 573 1247 614 primo
1261 573 1306 609 2δ’)
1329 582 1462 614 quoque
1483 578 1632 613 tempore
1660 573 1789 603 emissis
1820 571 1923 604 literis
1950 571 2118 614 publican-

108 619 279 661 Vngariae
291 618 429 661 Regem,
447 618 585 650 amicum
609 624 642 649 et
661 620 700 655 ¹0)
720 618 884 649 dominum
897 617 1090 649 clementem
1113 613 1118 649 i
1141 616 1218 646 dum
1231 617 1276 653 ²⁹)
1299 625 1508 658 congregare
1523 617 1566 651 30)
1591 616 1804 647 consentiret.

107 667 271 700 nostrum,
285 661 414 693 Deinde
427 671 486 703 per
502 660 690 699 Oratorem,
702 667 736 692 et
755 664 793 695 11)
807 661 1030 692 Οοιι]ἰε>ιιι-ῑος
1050 662 1089 698 ¹2)
1113 664 1117 700 j

110 233 177 265 hoc
199 233 340 274 negocio
355 235 400 269 ⁹⁷)
423 230 592 273 religionis
615 240 657 262 ex
679 230 792 262 causis
816 231 917 262 certis
931 232 976 266 ⁹⁸)
1005 239 1090 272 quae

109 704 317 742 Caesareos,
349 703 434 735 haec
466 705 551 735 inter
586 710 718 736 caetera
758 705 898 746 proponi
931 703 1029 741 fecit,
1048 703 1117 750 ¹³)}

108 748 199 790 quod
221 747 263 778 V.
288 746 325 779 C.
348 746 393 778 M.
422 745 640 778 intellexisset
658 748 696 785 ¹⁴)
723 752 755 778 et
784 747 997 788 expendisset
1026 746 1088 778 Lo-

109 801 184 823 cum
206 791 360 822 tenentis.
406 789 447 821 V.
472 789 508 821 C.
532 788 578 820 M.
602 790 635 820 in
658 791 813 830 imperio,
836 797 868 821 et
898 790 1089 831 praesiden-

108 833 150 865 tis
174 839 207 865 et
231 832 503 866 Consiliariorum
519 832 553 864 in
570 831 754 874 Regimine.
774 835 813 867 ¹⁵)
838 839 870 864 et
888 833 1089 874 Legatorum

107 877 151 909 ab
173 875 250 919 alijs
279 876 430 908 Statibus
466 876 521 918 qui
540 878 579 914 16)
616 875 817 917 Ηῑιῑίεροηᾶο
851 881 1089 914 conuenerant,

107 918 378 952 deliberationem
419 919 461 951 de
495 917 645 951 Concilio
687 919 935 960 congregando.
990 918 1031 949 Et
1049 920 1089 956 ¹⁷)

108 962 198 1005 quod
225 963 385 995 iudicaret
413 962 510 994 etiam
537 961 579 992 V.
612 961 649 993 C.
680 962 723 993 M.
744 964 784 995 ¹⁵)
814 961 894 994 vtile
927 972 1023 999 esse,
1054 967 1090 992 vt

661 1100 792 1129 Dresd.,
826 1099 917 1129 Non,
949 1097 1068 1122 Onold.
1081 1116 1088 1128 ,

107 1099 154 1131 97)
179 1101 204 1124 in
232 1099 283 1124 hoc
311 1101 432 1132 negocio]
464 1100 554 1125 Cass.
591 1102 628 1129 1.‚

180 1134 281 1163 Wim.,
301 1134 356 1158 Ed.
377 1139 456 1164 ant„
474 1134 578 1159 Fabm
599 1134 625 1158 in
644 1134 753 1164 negocio
774 1133 823 1157 hoc

107 1176 155 1208 98)
180 1183 212 1200 ex
232 1177 314 1200 causis
334 1177 422 1208 certis]
441 1176 527 1205 Ram,
546 1176 661 1206 Wirc.,
679 1176 788 1200 Fabr.:
809 1183 841 1199 ex
861 1176 939 1199 certis
958 1176 1042 1199 causis

106 1218 154 1251 99)
180 1219 209 1243 V.
232 1219 267 1243 M.
285 1219 399 1251 nomine]
421 1218 504 1248 Rau,
526 1219 641 1248 lVire„
660 1218 770 1243 Febr:
789 1224 851 1243 tunc

107 1261 171 1293 100)
179 1262 320 1294 allegatae]
350 1262 405 1286 Ed.
437 1269 474 1286 an
482 1266 515 1286 t.:
541 1262 666 1293 allegata;
694 1262 784 1287 Cass.
813 1263 834 1285 1.
867 1269 960 1294 quoque
979 1262 1085 1293 primum

174 1295 294 1321 habebat:
320 1296 432 1328 allegata
450 1296 515 1329 quod
538 1300 656 1321 mutatum
675 1299 710 1322 est
734 1297 771 1320 in:
791 1297 936 1329 allegatae3
955 1295 1084 1320 Onold.:

174 1332 285 1362 allegato
310 1330 339 1363 [ι’.
354 1339 378 1363 q.
397 1331 537 1363 allegatae]

123 1375 151 1404 1)
176 1374 327 1407 quicquam]
347 1374 483 1399 Onold.:
503 1375 648 1406 quis-unque
666 1373 736 1405 (haec
754 1378 833 1399 aurem
858 1374 929 1398 lectio
948 1381 978 1398 et
1002 1381 1086 1398 errore

172 1408 270 1434 scribae
287 1408 360 1433 ltm'us
379 1408 516 1442 apographi
534 1413 589 1432 orta
607 1416 658 1434 esse
674 1409 780 1438 videtur,
799 1410 840 1441 qui
865 1409 1005 1441 scriptionis
1023 1416 1085 1432 com-

168 1443 286 1476 pendium
310 1445 377 1468 roci's
402 1445 539 1476 quicquam
564 1444 625 1468 male
650 1444 826 1476 interpretatus
845 1447 896 1468 est:
916 1442 1084 1474 quicunque.)

121 1487 152 1518 2)
177 1494 231 1511 non
250 1487 318 1511 velle
337 1487 473 1519 quicquam
493 1487 664 1511 determinare
683 1494 731 1510 nec
750 1487 906 1511 concluiere
924 1485 1022 1518 posse‚]
1036 1493 1085 1518 pro

172 1520 211 1546 leis
228 1520 343 1546 exhibent
362 1521 449 1552 Rat„
466 1522 582 1552 VVirc„
600 1521 710 1546 Fabr.:
737 1529 790 1546 non
809 1522 888 1546 vellet
907 1521 1084 1551 determinari,

120 1565 150 1597 3)
177 1565 207 1589 ν.
227 1565 258 1589 c.
276 1564 328 1597 M.]
350 1564 440 1595 Non,
465 1564 600 1596 Onold.,
625 1565 732 1595 wia,
756 1565 810 1589 Ed.
837 1569 918 1589 ant.:
948 1563 976 1590 c.
994 1563 1028 1587 v.
1046 1564 1083 1588 M.
1107 1547 1112 1564 '

173 1599 229 1624 item
249 1599 339 1624 Cass.
361 1601 398 1623 1.:
419 1600 496 1624 Caes.
516 1604 618 1624 vestrae
637 1599 694 1623 Ma:

121 1641 151 1674 4)
174 1642 220 1666 sed
244 1643 312 1674 apud
337 1642 487 1674 pontificem
511 1642 586 1667 Rom.
606 1657 638 1661 —
658 1643 690 1667 de
716 1649 841 1673 congreg.
867 1641 985 1666 Concilio
1008 1647 1084 1672 gene⁴

173 1677 243 1708 rati]
261 1676 345 1706 Rae,
364 1677 479 1700 XVirca
499 1677 546 1701 sed
564 1677 644 1701 vellet
667 1677 736 1709 apud
761 1677 815 1701 Ro:
839 1676 989 1709 pontificem
1012 1676 1084 1700 labo-

172 1718 231 1735 rare
256 1718 305 1742 pro
332 1711 518 1742 congregando
544 1711 671 1736 Concilio.
708 1711 814 1735 Fabr.:
834 1712 880 1735 sed
912 1711 990 1734 vellet.
1015 1711 1084 1742 apud
1107 1684 1112 1743 Ι

172 1745 324 1770 Pontificem
343 1745 487 1770 Romanum
507 1746 643 1771 elaborare
665 1753 713 1778 pro
738 1746 924 1778 congregando
952 1746 1083 1775 Concilio,
1107 1745 1112 1763 ¹

121 1788 150 1820 5)
173 1789 298 1820 generali.
337 1788 573 1821 Quemadmodum]
591 1789 644 1815 Ed.
663 1794 739 1814 ant.:
764 1789 896 1821 generali,
919 1789 1083 1821 quemadmo—

173 1824 234 1847 dum
244 1832 250 1851 ;
261 1823 284 1847 Ο
293 1831 329 1847 no
339 1824 344 1847 l
353 1824 376 1847 d.
387 1833 392 1846 :
412 1825 528 1854 generali
540 1825 755 1856 quemadmodum
767 1824 868 1854 (omissa
882 1823 1083 1856 interpunctione)

120 1865 150 1898 6)
175 1866 452 1898 idem]Nor.,R.at.,
473 1867 586 1897 Wirc.,
605 1867 658 1891 Ed.
677 1872 754 1891 ant.:
774 1872 800 1891 et
813 1867 938 1896 id;etiam
957 1866 1043 1891 Cass.
1060 1867 1082 1890 l.

172 1902 225 1926 nine
252 1900 325 1925 dubio
345 1901 453 1933 primum
476 1901 574 1926 habuit.-
593 1906 619 1925 et
642 1902 669 1925 id
688 1902 754 1934 quod
769 1907 819 1926 tum
838 1910 933 1926 erasum
953 1905 974 1926 εἰ
989 1910 1037 1934 pro
1056 1909 1083 1926 eo

172 1936 290 1968 scriptum
308 1939 357 1960 est:
377 1935 445 1959 idem

121 1978 150 2011 7)
174 1979 200 2003 in
219 1979 322 2011 publico
342 1979 475 2011 proximo]
493 1979 584 2004 Nor.:
603 1980 630 2004 in
649 1980 766 2011 proximo
785 1979 888 2011 publico

119 2022 149 2053 8)
175 2023 201 2046 in
221 2022 324 2054 publico
344 2030 418 2054 prox.
439 2030 524 2052 conu.,
543 2023 586 2054 qui
604 2022 698 2055 Spirae
713 2026 886 2054 congregatus
904 2022 973 2054 fuit]
993 2022 1081 2052 Rau,

172 2057 284 2087 Wirc.,
302 2057 415 2081 Fabr.:
434 2059 461 2081 in
479 2058 598 2089 proximo
619 2058 734 2089 Spirensi
754 2062 892 2087 conuentu,

119 2099 149 2131 9)
175 2099 319 2130 dominum]
336 2100 469 2130 Dresd.,
487 2100 593 2125 Fabr.:
613 2100 702 2126 habent
720 2101 820 2133 siglam:
839 2101 873 2125 D.

102 2143 148 2173 10)
172 2143 209 2174 et]
227 2142 315 2167 Nor.:
334 2151 365 2167 ac

102 2185 148 2216 11)
172 2186 208 2218 et]
228 2185 342 2210 Wirest
361 2193 392 2210 ac

103 2228 149 2260 Ὠ)
174 2229 359 2261 Comissatios]
379 2228 434 2254 Ed.
454 2235 531 2254 ant.:
551 2229 731 2255 Comissareos

102 2271 148 2303 13)
172 2272 241 2296 inter
263 2277 365 2296 caetera
387 2273 499 2304 proponi
521 2273 606 2305 fecie]
629 2273 712 2304 Ram,
738 2274 851 2298 Wirc..
878 2273 988 2297 Fabn:
1012 2275 1081 2298 inter

170 2310 272 2331 caetera
290 2308 363 2331 iuxta
380 2307 574 2332 instructionem
593 2309 705 2340 proponi
724 2308 797 2332 fecit:

102 2349 148 2381 14)
171 2349 354 2382 intellexisset]
375 2349 444 2374 Rat.
465 2351 565 2382 (calami
584 2352 690 2382 errore):
710 2352 839 2376 intellexit

101 2392 148 2424 15)
172 2393 198 2416 in
216 2392 366 2425 Regimine]
390 2392 478 2423 Ram,
508 2394 616 2418 Wirc.:
644 2394 774 2426 regiminis
794 2395 952 2426 imperialis3
972 2395 1080 2419 Fama:

168 2427 312 2459 Imperialis
330 2428 471 2459 regiminis.

103 2469 148 2502 16)
176 2470 230 2501 qni]
249 2471 274 2494 in
292 2470 345 2495 Ed.
365 2475 429 2494 ant.
450 2470 524 2495 deest.

101 2513 147 2545 1'1)
169 2514 362 2544 congregando.
390 2513 436 2546 Et]
457 2513 591 2538 nrum:
609 2515 856 2546 congregando:et;
876 2514 1081 2540 Onold.:con-

170 2548 306 2579 gregando
325 2553 350 2572 et
368 2549 468 2580 (ontis-so
487 2549 690 2581 ineerpnndione)
875 2582 880 2588 ⁹

101 2589 147 2622 18)
171 2590 204 2614 de
223 2590 343 2616 Concilio
363 2592 559 2623 congregando.
570 2591 604 2615 E:
621 2587 828 2624 quod'indicaret
846 2593 922 2617 etiam
941 2593 975 2617 V.
989 2592 1082 2626 ΟΜ.)
1103 2592 1106 2615 Y

169 2623 255 2656 Ram,
274 2625 387 2650 Wirc.:
413 2626 446 2650 de
473 2627 658 2658 congregando
681 2628 802 2652 Concilio
828 2628 955 2659 generali.
993 2627 1079 2657 Quod-

1227 683 1260 714 ln
1291 689 1444 715 euentum
1471 693 1554 726 ergo
1580 682 1678 716 talem
1693 685 1737 721 31)
1770 684 1859 725 quod
1873 685 1918 721 ³²)
1952 685 1983 715 in
2018 695 2122 717 causa

1141 725 1323 769 religionis,
1348 727 1576 758 dissensiones
1599 727 1684 757 inter
1709 736 1773 758 nos
1804 733 1835 758 et
1869 733 1981 768 partes
2014 728 2121 759 amice

1141 776 1172 801 et
1195 770 1225 801 in
1248 770 1382 801 caritate
1406 780 1472 800 non
1501 768 1620 801 suerint
1645 771 1867 810 compositae,
1900 776 1978 802 tunc
1992 772 2035 808 33)
2065 780 2119 802 co-

1141 822 1210 844 ram
1236 812 1274 844 V.
1300 812 1337 844 C.
1361 811 1405 843 M.
1431 812 1484 844 hic
1515 813 1547 844 in
1576 813 1664 844 omni
1700 813 1888 844 obedientia
1920 823 1982 844 nos
2014 813 2121 845 offeri-

1141 865 1225 894 mus,
1244 866 1285 887 ex
1303 855 1581 897 superabundanti
1597 857 1640 894 3⁴)
1664 857 1906 897 comparituros
1920 858 1964 887 36)
1990 862 2022 888 et
2045 866 2119 888 cau-

1141 908 1212 930 sam
1247 899 1394 930 dicturos
1409 900 1453 936 3⁶)
1486 899 1519 930 in
1542 897 1598 929 tali
1612 901 1656 936 37)
1678 898 1824 941 generali
1847 898 1953 931 libero
1972 906 2004 930 et
2027 899 2120 931 Chri-

1141 942 1248 972 stiano
1262 941 1425 978 Concilio,
1438 943 1483 979 3Β)
1496 942 1537 973 de
1561 952 1627 983 quo
1642 944 1686 979 ³9)
1708 943 1946 985 congregando
1970 943 2001 973 in
2019 943 2121 974 omni—

1208 1101 1258 1125 que
1277 1094 1308 1119 V.
1329 1095 1359 1120 C.
1377 1095 1413 1119 M.
1433 1097 1508 1119 stiam
1528 1097 1665 1126 iudicarem
1685 1096 1793 1121 Fabr.:
1814 1098 1846 1120 de
1865 1097 1986 1122 Concilio
2005 1098 2120 1130 generali

1208 1130 1408 1162 congregando,
1427 1131 1548 1161 quodque
1567 1131 1693 1155 iudicaret
1711 1132 1788 1155 etiam
1808 1132 1840 1155 V.
1860 1132 1890 1156 C.
1912 1132 1947 1156 M.

1141 1170 1184 1202 19)
1209 1171 1271 1203 tum]
1292 1171 1377 1201 Rata,
1397 1173 1509 1198 Wirc.:
1529 1178 1589 1197 tunc

1138 1214 1184 1246 20)
1210 1215 1307 1246 essent]
1328 1216 1435 1240 Wirc.:
1455 1217 1552 1240 inesset
1574 1217 1606 1249 [ἒ]

1137 1257 1184 1288 21)
1210 1257 1304 1281 adduci
1332 1263 1420 1289 posset
1446 1260 1479 1283 ad
1510 1259 1656 1284 habendum
1689 1260 1811 1291 generale
1839 1260 2004 1293 Concilium]
2034 1260 2120 1290 Ram,

1207 1292 1294 1316 'Wirc
1315 1301 1320 1315 ι
1339 1293 1372 1316 ad
1391 1293 1537 1318 habendum
1557 1296 1680 1326 generale
1699 1295 1843 1320 Concilium
1863 1296 1956 1320 adduci
1975 1302 2068 1327 posset.

1137 1334 1183 1366 22)
1209 1335 1273 1359 Ideo
1293 1336 1466 1369 significabat]
1496 1336 1582 1368 Rat.,
1610 1338 1724 1368 Wirc.,
1752 1338 1859 1363 Fabr.:
1887 1338 1951 1362 Ideo
1980 1339 2119 1363 clementer

1205 1370 1368 1400 significabat

1137 1411 1182 1444 23)
1201 1421 1228 1437 se
1248 1414 1278 1438 V.
1291 1413 1320 1438 C.
1334 1414 1370 1437 M.
1382 1421 1486 1446 operam
1497 1415 1626 1446 daturam]
1642 1415 1723 1445 Ram,
1736 1416 1848 1445 Wirc.,
1866 1416 1975 1440 Fabia:
1994 1415 2026 1440 V.
2039 1415 2068 1440 C.
2079 1415 2116 1440 M.

1204 1455 1230 1471 se
1250 1455 1356 1479 operam
1375 1455 1431 1472 esse
1450 1449 1566 1473 datm-sim
1601 1449 1631 1473 ln
1650 1450 1740 1475 (lass.
1763 1451 1783 1474 l.
1803 1453 1926 1475 corrector
1946 1454 2002 1482 post
2025 1458 2053 1474 se
2077 1451 2116 1474 in-

1205 1484 1336 1509 terposuit:
1357 1483 1424 1515 apud
1444 1484 1494 1508 sic:
1508 1491 1535 1507 se
1555 1485 1622 1516 apud
1640 1485 1673 1508 V.
1695 1485 1724 1509 C.
1744 1484 1781 1509 M.
1802 1492 1905 1517 operam
1926 1485 2042 1509 daturam

1137 1525 1182 1556 24)
1202 1525 1345 1557 praefatus]
1364 1525 1447 1557 Rau,
1466 1526 1561 1552 )Virc.
1582 1528 1702 1552 omittunt.

1135 1567 1181 1600 25)
1206 1568 1291 1593 Ponti.
1328 1568 1470 1600 Maximus]
1501 1568 1590 1600 Ram,
1619 1570 1731 1595 W'irm:
1759 1571 1813 1596 Ro:
1845 1571 1961 1602 pontifex
2004 1571 2115 1595 Fabr.:

1205 1602 1281 1628 Pont.
1301 1602 1392 1628 Roma.

1135 1645 1182 1677 26)
1207 1646 1336 1670 Maximus
1355 1646 1416 1679 vna]
1436 1646 1483 1671 No
1492 1655 1527 1672 r.:
1547 1647 1686 1674 Maximus.
1724 1649 1782 1673 Vna

1135 1689 1181 1721 27)
1207 1697 1257 1713 vna
1275 1696 1332 1713 cum
1352 1690 1384 1715 V.
1405 1690 1434 1715 C.
1455 1690 1491 1715 M.
1511 1692 1563 1714 tale
1581 1691 1702 1722 generale
1727 1691 1883 1723 Concilium]
1907 1692 1953 1717 On
1963 1692 2038 1716 old.:
2064 1700 2116 1717 vna

1205 1731 1261 1748 cnm
1279 1728 1366 1748 vestra
1385 1725 1414 1749 C.
1434 1725 1470 1748 M.
1499 1726 1551 1749 tale
1577 1727 1714 1750 concilium
1733 1727 1869 1757 generale3
1897 1726 1983 1756 Ram,
2014 1727 2114 1752 Wirc.

1205 1757 1293 1783 habent
1312 1759 1379 1783 solas
1397 1766 1480 1784 voces:
1501 1761 1552 1784 tale
1572 1760 1732 1790 Concilium,
1751 1765 1834 1786 cetera
1852 1761 1945 1786 desunt.

1135 1801 1180 1832 28)
1207 1800 1370 1833 Concilium,
1388 1802 1483 1834 primo]
1505 1803 1558 1827 Ed.
1579 1808 1654 1827 ant.:
1675 1803 1827 1829 Concilium.
1863 1803 1951 1829 Primo

1134 1843 1180 1875 29)
1205 1845 1304 1869 emissis
1322 1845 1405 1869 liveris
1430 1846 1623 1878 publicandum]
1650 1846 1735 1877 Rau,
1760 1847 1872 1877 Wirc.,
1897 1847 2003 1872 Fabr.:
2029 1847 2114 1879 publi-

1204 1880 1314 1903 candum
1333 1881 1433 1904 emissis
1451 1881 1531 1904 literis

1134 1922 1180 1953 30)
1207 1923 1379 1974 ουυὲτεξετε]
1401 1921 1536 1948 Onold.:
1556 1926 1727 1956 congregarit!
1748 1924 1857 1956 (scribae
1876 1933 1960 1950 errore
1968 1933 2030 1958 pro:
2053 1931 2114 1949 con—

1203 1957 1335 1989 gregari.)

1133 2001 1162 2024 31
1203 2000 1233 2025 In
1253 2005 1372 2024 euentum
1392 2009 1453 2032 ergo
1475 2001 1563 2034 talem]
1582 2001 1689 2027 Fabr.:
1709 2003 1738 2026 In
1757 2007 1851 2027 euentu
1869 2010 1932 2032 ergo
1953 2002 1998 2027 tati

1133 2043 1179 2075 32)
1204 2043 1285 2076 quod]
1306 2044 1394 2068 Nor.:
1414 2045 1484 2076 quod
1502 2046 1524 2069 si

1133 2086 1179 2117 33)
1204 2088 1378 2118 compositae,
1397 2088 1470 2119 tunc]
1489 2088 1620 2119 Onold.,
1640 2089 1693 2114 Ed.
1713 2093 1791 2113 ant.:
1812 2090 1979 2120 compositae.
2016 2089 2088 2113 Tunc

1133 2130 1180 2162 34)
1205 2131 1440 2162 superabundanti]
1455 2131 1510 2155 Ed.
1529 2136 1608 2156 ant.:
1628 2139 1706 2163 super
1723 2131 1882 2156 habundanti

1132 2172 1178 2204 35)
1201 2173 1398 2205 compat-ituros]
1416 2173 1505 2198 Nor.:
1524 2183 1571 2199 nos
1596 2175 1800 2207 compatituros3
1821 2175 1874 2199 Ed.
1904 2180 1982 2198 ant.:
2007 2181 2111 2206 compa-

1201 2208 1297 2232 ritnros
1317 2215 1364 2232 nos

1131 2249 1178 2282 36)
1201 2255 1227 2274 et
1245 2258 1345 2275 causam
1359 2251 1483 2285 dicturos]
1503 2260 1549 2285 pro
1566 2251 1603 2276 lui„-
1621 2251 1703 2277 verbis
1721 2251 1791 2277 habet
1810 2252 1864 2276 Ed.
1885 2256 1962 2276 ant.:
1982 2252 2008 2275 in
2020 2252 2111 2276 eodem

1201 2292 1262 2310 casu

1131 2328 1178 2360 37)
1200 2329 1228 2352 in
1246 2329 1306 2360 tali]
1326 2329 1428 2353 Wim.:
1449 2337 1505 2353 cum
1525 2330 1569 2354 tali

1131 2380 1175 2411 38)
1203 2380 1272 2411 quod
1292 2381 1319 2404 in
1338 2387 1416 2404 cansa
1434 2381 1584 2410 religionis,
1603 2381 1778 2405 dissensiones
1796 2382 1864 2405 inter
1882 2388 1973 2405 nos—
1992 2386 2018 2405 et
2037 2380 2109 2406 Chri-

1201 2415 1288 2439 stiano
1312 2414 1456 2447 Concilio,]
1485 2415 1569 2446 Rae,
1596 2415 1710 2445 Wirc.,
1733 2414 1844 2440 Palen:
1867 2416 1890 2440 si
1914 2415 1963 2441 hae
1989 2416 2109 2441 dissensi-

1202 2456 1265 2473 ones
1274 2456 1326 2473 non
1346 2450 1440 2473 suerint
1458 2451 1539 2474 amice
1558 2451 1715 2481 compositae
1734 2450 1801 2474 inter
1819 2457 1867 2474 nos
1886 2455 1912 2474 et
1925 2451 2033 2475 alteram
2051 2458 2111 2483 par—

1201 2489 1266 2514 tem,
1283 2483 1414 2508 offerimus
1430 2491 1479 2508 nos
1497 2484 1539 2508 hic
1558 2490 1582 2509 et
1599 2485 1640 2515 (et
1658 2493 1676 2508 a
1693 2485 1755 2509 Fab
1764 2492 1784 2509 r.
1802 2486 1935 2516 omittitur)
1955 2493 1988 2509 ex
2005 2492 2110 2518 snpera-

1201 2518 1327 2543 bundanti
1353 2519 1379 2542 in
1407 2520 1477 2543 omni
1504 2519 1651 2543 obedientia
1677 2526 1762 2543 coram
1791 2519 1822 2544 V.
1854 2519 1884 2544 C.
1912 2519 1948 2544 M.
1983 2519 2108 2551 (ΒΑΜ-,ε

1202 2553 1295 2577 Vestra
1318 2553 1446 2577 Caesarea
1477 2553 1637 2585 Maiestate)
1667 2555 1693 2578 in
1721 2554 1766 2578 tali
1797 2553 1945 2579 Christiano
1970 2558 1995 2579 et
2025 2554 2107 2578 libero

1201 2587 1321 2612 Concilio
1340 2587 1457 2619 generali
1476 2589 1682 2620 comparstums,
1701 2592 1727 2612 et
1745 2595 1848 2613 causam
1867 2589 1985 2613 dicturos
2002 2596 2073 2618 esse,

1131 2629 1178 2662 39)
1204 2629 1335 2660 Concilio,
1355 2631 1387 2654 dc
1407 2630 1470 2662 qna]
1489 2631 1619 2655 Drasd:
1640 2630 1768 2656 Concilio.
1804 2632 1844 2656 De
1863 2639 1914 2663 quo
