2324 2944
124 157 166 191 13
790 152 813 182 Ι.
859 151 900 183 Α.
935 149 1469 183 ARTICUJ.1vtstTAT1()NtS.
2093 153 2131 184 14

124 251 300 289 Dominus,
324 256 360 281 ut
381 247 604 281 malediceret.
634 246 676 278 Et
699 247 857 278 debemus
882 245 955 277 Deo
978 246 1104 288 gratias
1129 249 1134 283 ἶ
1156 244 1264 275 minus
1288 243 1462 276 credamus
1471 267 1481 283 ,
1511 255 1573 275 nos
1597 245 1754 282 exaudiri,
1778 246 1812 276 Si
1832 252 1940 277 tamen
1963 247 2131 286 poeniten-

124 305 239 337 agere,
263 294 350 335 quod
374 303 438 324 nos
461 290 626 334 perhanc
649 290 858 321 occasionem
876 290 918 320 ad
936 289 1103 330 poeniten·
1157 287 1234 317 tiam
1259 287 1404 328 agimus,
1437 293 1471 319 et
1494 288 1678 324 credimus,
1712 289 1808 320 nobis
1836 289 1965 330 ignosci
1996 296 2131 330 propter

123 339 202 371 tiam
226 342 337 368 vocat.
1157 328 1335 360 Christum.
1392 329 1468 361 Ideo
1494 330 1616 361 Paulus
1639 331 1702 361 ait:
1738 332 1839 362 Orate
1869 333 1939 363 sine
1963 333 2028 369 ira,
2057 334 2077 363 i.
2101 343 2129 363 e.

212 379 350 417 Quarto,
382 376 464 410 nihil
486 376 620 414 horum,
653 385 739 417 quae
772 385 872 416 supra
907 375 1044 406 dicimus
1059 375 1103 412 29)
1127 390 1133 419 ,1
1157 383 1231 404 cunt
1255 372 1409 413 patientia
1434 379 1465 404 et
1488 375 1560 404 sine
1582 372 1800 405 haesitatione
1824 380 1946 406 etcum
1974 374 2037 406 fide
2062 386 2131 407 cre-

125 425 158 455 in
181 423 373 460 afflictione,
397 421 480 452 satis
503 426 553 451 est
576 425 765 460 praestare,
802 419 860 449 scd
892 424 1023 458 oportet
1049 428 1104 450 ac·
1130 433 1132 450 ι
1157 416 1286 453 dentes,
1309 416 1398 456 qdod
1423 415 1516 448 Deus
1540 417 1582 447 5ῐῖ
1605 427 1666 447 ¹¹0⁵
1691 418 1916 449 exauditurus.

127 467 247 498 cedere
259 465 359 502 adid,
383 464 469 506 quod
489 472 651 494 summum
672 468 733 500 est,
756 460 896 497 scilicet,
921 462 1104 492 orationem
1129 457 1132 512 i
1241 457 1363 496 Tertio,
1387 459 1526 490 docendi
1550 466 1626 490 sunt
1650 459 1811 498 homines,
1836 462 1986 492 oratione
2010 460 2132 503 aliquid

127 517 156 541 et
180 509 422 540 invocationem
447 505 521 543 Dei,
543 510 577 536 ut
601 504 694 536 Deus
716 511 772 536 aut
792 506 966 546 gubernet,
989 511 1045 535 aut
1070 503 1103 535 li·
1130 513 1132 536 ι
1155 506 1269 542 petere
1297 507 1354 532 aut
1376 503 1501 542 gratias
1525 513 1626 544 agere
1654 513 1713 544 pro
1736 503 1847 545 aliquo
1871 510 2011 545 accepto
2036 506 2132 536 bene·

128 554 216 583 beret
243 552 285 583 ab
308 551 371 582 hac
389 547 581 584 afflictione,
604 548 690 578 sicut
706 549 862 589 scriptum
883 553 934 578 est
949 546 1102 578 Psal49.
1129 542 1132 583 Ι
1157 544 1243 575 licio-
1289 544 1362 575 Non
1387 552 1497 583 crant,
1522 547 1575 586 qui
1601 544 1720 588 longas
1744 548 1912 577 orationes
1943 548 2063 579 docent
2087 548 2133 578 di.

127 595 249 626 lnvoca
271 604 323 625 me
346 594 376 624 in
401 593 454 623 die
476 589 710 622 tribulationis.
752 590 848 622 Hunc
872 591 970 633 igitur
994 589 1104 622 locum
1129 588 1132 622 1
1158 587 1282 618 cendas
1304 597 1391 626 csse,
1415 594 1449 619 ut
1471 598 1532 629 pro
1556 590 1703 630 peccatis
1726 591 1852 621 nostris
1875 589 2132 628 satisfaciamus,

127 639 167 668 de
191 637 340 668 oratione
362 634 536 678 dulgente.-
558 632 725 665 inculcent
748 632 881 675 populo,
1129 626 1133 693 1
1157 631 1218 660 scd
1243 630 1374 669 docent,
1399 637 1434 662 ut
1458 630 1610 663 Christus
1629 639 1741 669 vocat,
1764 632 2014 674 multiloquium.
2060 633 2133 664 Hoc

1130 697 1133 712 :
1157 673 1266 714 potius
1295 684 1452 715 agamus,
1487 680 1521 705 ut
1546 674 1752 715 postulemus
1777 674 1899 717 aliquid
1920 687 1938 707 a
1963 676 2045 708 Deo.
2091 676 2131 707 Et

456 728 517 760 DE
539 727 775 760 ORATIONE·
1157 722 1235 747 sunt
1258 715 1410 747 hortandi
1433 716 1601 755 homines,
1635 725 1669 749 ut
1694 725 1803 756 orent,
1839 730 1904 750 non
1933 726 2041 750 tamen
2066 730 2132 751 ,ion

1157 764 1282 790 tantum
1306 770 1366 800 pro
1385 761 1457 791 suis
1476 762 1753 800 necessitatibus,
1776 762 1835 792 sed
1859 762 1956 793 etiam
1979 762 2132 803 publicis,

211 806 326 838 Oratio
350 812 401 837 est
423 812 538 848 petere
559 804 682 846 aliquid
706 815 726 836 a
749 804 840 843 Dco,
863 811 919 836 aut
942 804 1016 836 Deo
1042 815 1103 846 pro
1156 808 1191 832 ut
1215 813 1275 843 pro
1299 804 1566 844 magistratibus,
1600 815 1660 845 pro
1683 815 1785 846 pace,
1810 815 1870 846 pro
1892 804 2000 845 gloria
2022 804 2132 836 Evan-

125 856 265 892 accepto
284 849 446 881 beneficio
470 849 594 891 gratias
618 858 729 890 agere.
775 848 857 880 Sunt
881 855 989 879 autem
1020 847 1103 879 haec
1127 847 1132 870 ί
1155 843 1243 886 gelii,
1266 855 1328 886 pro
1350 857 1492 881 annona,
1517 854 1551 878 ut
1574 846 1697 879 Paulus
1716 849 1813 880 iussit.
1839 848 1866 879 l.
1889 847 2007 879 Thess,
2027 848 2055 880 2.
2093 848 2132 879 Et

125 893 286 925 (radenda
305 893 346 924 de
371 893 530 924 oratione.
1154 888 1292 928 prodest
1313 887 1491 930 aliquando
1522 891 1553 921 in
1578 889 1720 922 ecclesia
1744 901 1936 923 communes
1966 891 2133 923 orationes

212 936 366 974 Primum,
388 936 476 977 quod
490 934 583 966 Deus
605 944 672 965 non
691 939 815 964 tantum
827 934 983 975 permittit
1002 934 1101 972 orari,
1153 930 1283 967 facere,
1312 931 1546 974 exhortarique
1568 933 1734 971 homines,
1768 941 1803 966 ut
1826 945 1888 975 pro
1911 933 2054 975 publicis
2077 945 2132 966 ne-

123 980 184 1010 sed
207 980 304 1011 etiam
323 979 495 1020 praecipit,
519 977 631 1008 Lucae
656 977 718 1014 18„
747 978 833 1008 sicut
858 977 1016 1017 praecipit
1038 987 1100 1007 nos
1126 1001 1128 1018 ‚
1154 975 1363 1005 cessitatibus
1386 982 1563 1016 precentur
1585 975 1700 1008 Deum.

123 1033 190 1054 non
218 1021 329 1053 facere
353 1022 503 1059 caedem,
526 1031 593 1051 non
623 1019 801 1051 moechari.
848 1019 990 1050 Proinde
1014 1020 1102 1050 sicut
1240 1016 1378 1055 Quarto,
1414 1019 1554 1049 docendi
1590 1027 1663 1050 sunt
1697 1020 1857 1058 homines,
1893 1031 1934 1051 ne
1969 1021 2131 1052 desistant

124 1071 275 1107 peccant,
299 1066 352 1105 qui
377 1065 513 1096 caedem
535 1061 676 1100 faciunt,
705 1063 759 1103 qui
783 1061 934 1093 furantur
957 1068 1033 1099 etc.,
1057 1061 1100 1091 ita
1126 1078 1127 1084 κ
1153 1068 1262 1096 orare,
1287 1066 1343 1090 aut
1368 1059 1515 1091 diffidant
1541 1061 1632 1099 Deo,
1656 1063 1783 1094 etiamsi
1808 1074 1873 1094 non
1898 1065 2007 1095 statim
2032 1064 2131 1105 impe-

123 1113 266 1149 peccant
288 1108 404 1145 etiam,
433 1107 489 1148 qui
522 1115 690 1145 nunquam
719 1110 826 1134 orant.
871 1104 933 1135 Hic
955 1112 1100 1145 exagge-
1126 1098 1127 1107 ¹
1154 1107 1258 1138 trent,
1293 1103 1380 1136 Quod
1404 1109 1518 1143 petunt
1538 1111 1565 1134 et
1593 1103 1728 1142 volunt,
1762 1106 1822 1136 sed
1852 1113 1994 1149 pergant
2022 1117 2131 1145 orare,

124 1151 228 1181 randa
251 1156 302 1181 est
330 1149 520 1186 magnitudo
545 1148 676 1178 divinae
709 1147 882 1184 bonitatis,
916 1157 1013 1188 quam
1047 1146 1101 1177 hic
1125 1136 1127 1163 Ὺ
1153 1145 1230 1185 quia
1250 1143 1345 1175 Deus
1376 1146 1451 1177 ideo
1476 1146 1582 1178 differt
1607 1148 1773 1183 exaudire,
1798 1155 1831 1179 ut
1856 1158 2009 1181 exerceat
2034 1150 2131 1181 fidem

123 1194 272 1224 videmus
299 1184 500 1222 ineffabilem
522 1199 610 1227 esse,
635 1200 709 1221 cum
732 1199 799 1220 non
828 1195 954 1220 tantum
984 1188 1100 1231 largiri
1124 1166 1129 1246 l
1152 1193 1320 1223 nostram,
1357 1189 1454 1220 sicuti
1487 1197 1624 1231 apparet
1663 1192 1695 1221 in
1730 1191 2016 1233 Syrophoenissa,
2057 1194 2133 1224 item

122 1234 194 1267 vult
217 1236 315 1268 hona,
339 1234 398 1264 sed
419 1233 515 1264 etiam
533 1232 705 1273 praecipit,
727 1238 763 1264 ut
781 1232 1003 1273 postulemus,
1027 1242 1100 1263 eum
1122 1248 1129 1258 ·
1154 1230 1266 1261 Lucae
1292 1230 1339 1262 18.

121 1283 246 1319 patrem
271 1282 422 1317 putemus
442 1273 754 1313 esse-clementem,
787 1276 842 1317 qui
871 1282 1029 1317 rogatus,
1062 1274 1100 1306 li·
1238 1272 1427 1315 Aliquando
1460 1275 1555 1307 Deus
1578 1286 1644 1307 non
1678 1278 1727 1315 id,
1761 1278 1849 1319 quod
1879 1279 2038 1319 petimus,
2072 1279 2133 1310 sed

121 1322 238 1352 beuter
271 1319 410 1362 largitur
444 1320 542 1351 bona.
589 1318 655 1349 Sed
686 1325 808 1360 quanta
838 1317 1013 1350 clementia
1036 1325 1099 1356 cst,
1151 1315 1289 1348 meliora
1313 1317 1387 1356 dat,
1421 1318 1494 1349 ideo
1518 1320 1708 1361 permittere
1736 1321 1807 1352 eius
1838 1320 1999 1353 voluntati
2034 1322 2132 1353 debe-

120 1363 313 1405 praecipere
335 1363 505 1399 omnihus,
538 1368 574 1393 ut
596 1371 695 1403 quam
721 1361 894 1402 plurimum
918 1361 1099 1403 postulent.
1123 1357 1128 1390 l
1153 1370 1243 1398 mus,
1277 1359 1343 1392 hoc
1366 1361 1490 1402 ipsum,
1526 1364 1615 1404 quod
1637 1364 1796 1404 petimuS‚
1830 1371 1865 1395 ut
1896 1363 2031 1396 meliora
2054 1364 2132 1396 velit

206 1405 247 1437 Et
282 1406 435 1447 quoniam
470 1405 576 1437 oratio
610 1411 661 1435 est
696 1404 771 1436 fidei
804 1405 1011 1443 exercitium,
1046 1405 1100 1437 hic
1151 1404 1242 1435 (lare.
1273 1402 1348 1436 ldeo
1373 1405 1458 1436 enim
1482 1405 1620 1437 dicimus
1638 1408 1670 1438 in
1686 1408 1834 1438 oratione
1857 1407 2037 1439 dominica:
2060 1407 2133 1439 Fiat

120 1449 258 1480 maxime
287 1450 448 1481 sentimus
482 1448 558 1479 fidei
588 1448 821 1479 infirmitatem.
867 1448 984 1490 Neque
1014 1449 1099 1479 enim
1150 1446 1307 1478 voluntas
1331 1453 1397 1479 tua.
1444 1447 1486 1479 Et
1512 1459 1686 1491 rogemuS,
1717 1457 1753 1481 ut
1775 1451 1829 1481 det
1854 1451 1952 1481 nobis
1976 1451 2132 1482 obedien-

120 1492 298 1530 credimus,
320 1498 443 1523 tantam
467 1501 544 1523 esse
569 1491 746 1523 bonitatem
760 1491 836 1529 Dei,
861 1497 1017 1533 quantam
1029 1491 1100 1532 pol·
1150 1490 1239 1521 tiam.
1286 1489 1433 1524 Credere
1456 1492 1541 1523 enim
1566 1493 1743 1534 debemus,
1773 1503 1892 1534 preces
1924 1495 2074 1526 exaudiri
2099 1500 2133 1526 et

118 1534 237 1567 licetur
255 1535 370 1567 verbo.
416 1534 560 1566 Proinde
582 1535 615 1565 in
639 1534 704 1566 hoc
727 1533 803 1567 loco
827 1535 1026 1576 castiganda
1049 1541 1100 1566 est
1122 1525 1127 1563 l
1151 1543 1218 1565 non
1240 1543 1319 1565 esse
1341 1535 1468 1573 irritas,
1492 1545 1570 1567 esse
1599 1543 1707 1567 autem
1742 1535 1866 1578 aliquid
1900 1537 2131 1579 impetraturas

119 1578 194 1610 fidei
218 1584 354 1610 nostrae
373 1577 597 1616 imbecillitate,
619 1578 706 1609 sicut
729 1584 762 1609 et
774 1579 819 1615 3⁰)
833 1576 987 1610 Christus
1007 1584 1099 1610 taxat
1150 1577 1309 1615 breviter,
1324 1579 1369 1614 31)
1399 1588 1464 1619 quo
1488 1589 1550 1609 nos
1574 1578 1669 1621 plura
1693 1590 1712 1611 a
1737 1579 1810 1611 Deo
1833 1578 2006 1622 postulare
2030 1581 2130 1612 aude-

117 1620 375 1654 imbecillitatem
397 1622 430 1653 in
453 1620 628 1662 Apostolis
652 1621 803 1653 modicae
827 1620 913 1652 fidei.
1150 1631 1239 1658 muS,
1272 1630 1312 1650 eo
1336 1619 1503 1652 lubentius
1525 1620 1665 1664 largitur
1688 1622 1800 1661 Deus,
1831 1624 1917 1654 sicut
1940 1624 1972 1654 in
1996 1623 2133 1666 Magda-

204 1665 374 1703 Secundo,
397 1665 430 1696 in
454 1665 604 1696 oratione
627 1665 806 1705 promissio
820 1665 931 1696 divina
950 1665 1099 1696 conside-
1151 1662 1228 1695 lena
1245 1669 1397 1704 apparet:
1420 1664 1495 1695 ideo
1518 1665 1604 1696 enim
1626 1665 1729 1697 multa
1753 1668 1963 1698 remittuntur
1986 1667 2032 1704 ei,
2057 1667 2133 1709 quia

119 1708 224 1738 tanda
246 1713 309 1745 cst,
331 1708 420 1749 quod
443 1706 537 1738 Dens
560 1706 718 1748 politicus
741 1708 795 1745 sit,
819 1717 857 1738 se
880 1717 944 1739 nos
967 1708 1100 1739 exaudi·
1151 1705 1288 1737 multum
1311 1705 1435 1745 dilexit,
1460 1706 1549 1739 ldem
1564 1710 1608 1747 32)
1627 1708 1729 1740 multa
1749 1720 1833 1740 ausa
1857 1716 1907 1740 est
1930 1719 2070 1751 sperare
2100 1715 2132 1741 et

119 1755 227 1781 turum
251 1759 347 1787 esse,
370 1749 487 1780 Matth.
511 1749 543 1780 2.
588 1749 689 1781 Dabit
714 1750 802 1781 bona
830 1751 1021 1791 petentibus
1050 1760 1098 1782 se.
1150 1748 1332 1791 postulare.
1378 1749 1418 1781 Et
1441 1752 1491 1781 sic
1515 1752 1655 1783 docendi
1680 1759 1757 1783 sunt
1780 1751 1950 1791 homines,
1974 1762 2133 1785 exercere

119 1791 216 1830 ltem,
250 1792 411 1834 Quicquid
435 1792 596 1833 petieritis
630 1798 756 1833 patrem
785 1793 818 1823 in
853 1793 984 1824 nomine
1013 1803 1099 1832 meo,
1121 1777 1125 1821 l
1151 1793 1249 1823 fidem
1278 1793 1310 1824 in
1340 1794 1499 1825 oratione.
1546 1793 1607 1826 Est
1636 1802 1745 1826 autem
1775 1794 1900 1836 populo
1925 1796 2039 1827 Oratio
2063 1796 2132 1828 Do-

119 1835 209 1866 dabit
231 1835 339 1866 vobis,
385 1833 576 1877 Requiritur
598 1835 699 1877 igitur
722 1834 806 1866 fides
825 1836 857 1866 in
878 1836 1040 1875 oratione,
1063 1843 1100 1869 ut
1121 1840 1125 1876 ¹
1150 1836 1270 1867 minica
1294 1834 1471 1878 diligenter
1493 1844 1524 1868 et
1544 1836 1737 1880 simpliciter
1760 1839 1956 1870 enarranda.

119 1878 305 1916 credamus,
340 1879 428 1919 quod
462 1877 557 1909 Deus
590 1879 632 1909 sit
666 1888 729 1909 nos
752 1879 987 1917 exauditurus,
1011 1880 1099 1921 quia,
1194 1879 1221 1911 1.
1257 1878 1356 1910 Pater
1377 1885 1504 1918 noster,
1529 1882 1582 1923 qui
1606 1891 1644 1913 es
1666 1882 1700 1913 in
1719 1880 1832 1913 coetis.
1860 1881 2013 1924 ‘Ubique
2048 1882 2131 1914 ades

118 1921 173 1963 qui
195 1921 356 1962 praecipit
378 1931 496 1959 orare,
529 1921 680 1962 promisit
709 1931 748 1953 se
776 1920 865 1953 velle
888 1923 1046 1954 exaudire
1069 1929 1100 1954 et
1243 1928 1292 1953 -et
1314 1923 1450 1954 exaudis
1473 1934 1546 1955 nos.

117 1964 243 1995 iuvare.
1193 1965 1225 1997 2.
1256 1965 1493 1998 Sanctificetur
1514 1977 1654 2005 nomen,
1676 1968 1709 1998 id
1733 1973 1803 2005 est,
1833 1974 2073 2010 cognoscatur,
2097 1974 2133 2000 ut

204 2007 276 2039 Nec
311 2007 469 2039 debemus
489 2007 683 2045 absterreri,
717 2008 793 2049 quia
815 2017 878 2038 nos
907 2018 1023 2040 sumus
1053 2008 1099 2040 in-
1258 2009 1377 2040 deinde
1399 2011 1609 2051 praedicetur
1637 2017 1671 2042 et
1699 2009 1897 2043 celebretur.
1945 2010 2131 2054 Cognosci—

118 2050 227 2092 digni,
260 2051 347 2082 sicut
369 2051 455 2082 enim
478 2060 541 2082 nos
570 2051 728 2082 iustificat
755 2057 892 2093 propter
915 2050 1097 2091 Christum,
1255 2057 1321 2091 tur,
1345 2053 1477 2094 quando
1499 2055 1615 2092 scitur,
1639 2055 1728 2096 quod
1751 2054 1871 2087 iudicet
1884 2061 2076 2096 peccantes,
2099 2055 2132 2086 id

116 2103 184 2125 non
203 2100 340 2136 propter
362 2100 478 2125 nostra
497 2095 629 2125 merita:
654 2094 699 2125 ita
722 2104 854 2136 quoque
878 2095 1012 2126 exaudit
1034 2105 1098 2126 nos
1258 2102 1309 2126 est
1342 2106 1422 2128 vere
1450 2097 1565 2129 timere
1591 2097 1747 2129 iudicium
1774 2096 1848 2129 Dei.
1894 2098 2051 2129 Secundo
2076 2108 2132 2130 co-

117 2145 253 2178 prcp·er
272 2135 440 2168 Christum
463 2142 495 2169 et
515 2147 611 2169 suum
630 2144 845 2179 praeceptum
865 2144 898 2169 et
915 2148 1009 2169 suam
1021 2148 1097 2180 pro·
1257 2140 1443 2180 gnoscitur,
1466 2141 1554 2182 quod
1577 2141 1732 2183 ignoscat
1745 2143 1790 2179 ³⁸)
1803 2147 1940 2182 propter
1952 2140 2131 2179 Christum,

116 2180 327 2218 missionem,
354 2190 420 2212 non
444 2186 579 2222 propter
606 2186 723 2212 nostra
751 2181 877 2212 merita.
922 2181 965 2212 Et
987 2187 1097 2213 tamen
1257 2182 1290 2213 id
1313 2188 1376 2220 est,
1400 2193 1478 2214 vere
1501 2184 1648 2215 credere.
1695 2184 1752 2216 Sic
1776 2183 1889 2215 definit
1909 2185 2131 2226 cognitionem

117 2222 173 2254 hic
196 2222 338 2255 docendi
361 2229 437 2255 sunt
456 2223 619 2262 homines,
642 2224 732 2265 quod
751 2234 824 2262 eos,
847 2224 981 2266 quinon
995 2231 1097 2266 agunt
1121 2229 1125 2279 ἰ
1258 2225 1319 2257 Dei
1343 2225 1432 2258 Hier.
1452 2225 1483 2258 9.
1529 2226 1563 2258 ln
1587 2226 1653 2259 hoc
1676 2225 1837 2270 glorietur
1860 2228 1921 2265 vir,
1944 2237 2047 2259 nosse
2065 2237 2130 2265 me,

117 2266 373 2308 poenitentiam,
397 2277 463 2298 non
487 2267 618 2299 exaudit
646 2267 759 2306 Deus,
790 2269 865 2310 quia
885 2268 990 2299 oratio
1010 2268 1097 2308 impii
1257 2269 1346 2310 quod
1371 2280 1444 2302 sum
1456 2269 1561 2309 Deus,
1583 2269 1710 2302 faciens
1722 2271 1874 2302 iudicium
1895 2277 1925 2301 et
1944 2271 2131 2302 misericor·

118 2309 319 2341 abominatio
338 2315 398 2341 est.
444 2308 536 2349 Item,
560 2310 780 2350 Clamabunt,
810 2317 842 2342 et
865 2321 929 2352 ego
951 2321 1017 2342 non
1042 2321 1097 2342 ex·
1257 2313 1354 2343 diam.

117 2352 259 2384 audiam.
305 2351 383 2383 Item
417 2351 649 2386 Ecclesiastici
683 2354 735 2386 34.
782 2353 974 2386 Orationem
1007 2353 1098 2386 illius

118 2396 192 2437 quls
216 2395 392 2427 exandlet?
1149 2416 1196 2447 31)
1216 2423 1271 2440 esse
1290 2421 1375 2440 autem
1394 2417 1493 2448 aliquid
1512 2419 1692 2450 impetraturas
1711 2417 1842 2449 brevitet-J
1864 2418 1913 2442 Ed.
1926 2418 1950 2442 2.
1971 2417 2022 2442 Sed
2033 2418 2130 2448 aliquid

205 2439 349 2470 Peccata
368 2445 482 2470 nostra
501 2449 568 2470 non
587 2440 710 2471 debent
728 2450 792 2471 nos
805 2441 1008 2479 absterrere,
1032 2451 1098 2483 quo
1122 2454 1127 2523 Ἰ
1219 2452 1400 2482 impetraturas
1420 2459 1484 2481 esse,
1502 2453 1571 2483 quod
1590 2453 1665 2483 quale
1685 2453 1726 2482 sit,
1745 2458 1788 2476 aut
1800 2453 1904 2483 quando
1920 2455 2071 2483 contingere
2084 2460 2129 2476 no·

1221 2486 1259 2509 bis
1279 2486 1380 2516 debeat,
1399 2486 1458 2510 Deo
1477 2487 1674 2518 permittendum
1694 2492 1740 2511 est.
1777 2486 1906 2517 Breviter,

1122 2529 1128 2615 Ι
1150 2537 1197 2569 32)
1215 2537 1287 2561 mem
1307 2538 1339 2569 (ε.
1359 2546 1380 2570 q.
1400 2537 1473 2562 ntem
1491 2538 1564 2569 esta]
1586 2538 1635 2562 Ed.
1657 2539 1680 2562 2.
1700 2539 1726 2563 id
1747 2543 1786 2562 est

118 2566 165 2599 ²9)
185 2567 303 2600 dieimm]
322 2567 371 2592 Μ’
391 2569 415 2591 2'
436 2569 547 2593 diximm
1151 2589 1197 2619 ³3)
1218 2588 1339 2614 Secundo
1364 2591 1544 2621 cognoscitur,
1568 2590 1636 2621 qnod
1661 2590 1793 2622 ignoscat]
1819 2590 1868 2614 Ed.
1890 2591 1914 2614 2.
1939 2590 2061 2615 Secundo
2087 2597 2128 2614 co—

117 2618 166 2650 ³0)
186 2619 252 2643 sicut
270 2618 306 2651 et]
327 2619 376 2644 Ed.
396 2620 419 2644 2.
439 2625 464 2644 et
482 2622 548 2645 sieut.
1123 2619 1127 2647 i
1221 2625 1364 2655 gnoscitnr,
1383 2625 1486 2655 quando
1505 2625 1642 2654 sentimus,
1661 2625 1729 2656 quod
1747 2626 1865 2656 ignoscat
