2324 2944
76 169 142 202 369

162 262 285 294 Tertio.
329 262 371 294 Et
398 261 464 294 hac
491 261 573 300 fide,
608 271 694 303 quae
725 261 919 294 consolatur
953 263 1056 295 corda

77 307 110 339 in
143 306 364 348 poenitentia,
398 305 578 347 accipimus
613 304 761 345 spiritum
796 312 965 344 sanctum,
1001 306 1054 348 qui

77 349 191 386 datur,
215 354 250 379 vt
274 349 436 390 gubernet
460 354 493 379 et
520 347 654 379 adiuuet
682 357 762 386 nos,
790 354 825 379 vt
852 354 992 389 peccato
1024 355 1056 380 et

77 389 210 424 diabolo
228 392 436 429 resistamus,
451 396 482 422 et
506 391 614 432 magis
637 390 810 432 magisque
829 401 1055 432 agnoscamus

75 434 296 466 infirmitatem
319 439 480 472 nostram,
505 439 537 465 et
559 434 591 464 in
621 433 716 464 nobis
748 440 902 464 crescant
931 434 1056 475 agnitio

76 477 152 516 Dei,
175 477 285 515 timor,
310 477 404 508 fides.
450 476 562 512 Quare
585 476 684 507 debet
712 476 743 507 in
774 477 870 507 nobis
905 477 1057 507 obedien-

76 521 122 552 tia
145 530 228 562 erga
249 518 358 551 Deum
381 526 413 551 et
435 529 525 551 noua
548 519 615 550 vita
638 528 804 557 crescere,
829 520 914 550 sicut
932 517 1057 550 Paulus

76 563 186 602 docet,
208 562 361 594 renouari
380 571 442 593 nos
462 563 595 599 debere,
618 562 661 592 ad
686 563 886 604 agnitionem
916 560 998 600 Dei,
1022 567 1057 592 vt

76 605 242 638 efficiatur
263 606 296 636 in
318 605 415 636 nobis
438 615 527 636 noua
549 603 606 636 lux
631 610 663 636 et
687 605 796 647 imago
817 606 888 636 eius
911 606 966 646 qui
980 615 1058 636 con-

77 649 157 681 didit
177 658 241 680 nos
264 654 328 680 etc.

163 690 301 727 Quarto.
316 692 362 729 ⁹²)
407 689 577 722 Docemus
618 691 715 721 etiam
751 691 882 732 quando
899 693 944 728 9³)
974 689 1058 721 haec

75 734 232 766 inchoata
270 733 458 765 obedientia
499 731 630 774 placeat
673 732 757 765 Deo.
807 733 891 764 Nam
925 734 957 764 in
993 733 1057 764 hac

79 783 172 809 tanta
196 776 386 808 infirmitate
416 782 448 808 et
470 776 678 807 immundicie
692 778 737 814 ⁹⁴)
766 783 917 814 naturae,
941 776 1056 808 Sancti

79 829 145 851 non
169 818 379 852 satisfaciunt
401 818 479 861 legi,
498 828 582 860 opus
605 820 704 859 igitur
733 825 785 850 est
808 819 873 860 pijs
902 817 1055 850 consola-

76 863 184 900 tione,
208 869 243 892 vt
272 862 380 893 sciant
409 861 576 902 quomodo
610 861 695 892 haec
722 863 842 903 exigua
877 867 909 892 et
939 862 1055 902 imper·

74 903 165 937 fecta
188 904 375 935 obedientia
399 904 473 935 Deo
497 902 634 944 placeat.
681 904 754 935 Non
779 905 866 934 enim
889 904 964 935 ideo
988 902 1056 944 pla-

77 953 140 985 cet,
163 947 240 989 quia
263 945 329 989 legi
352 945 548 985 satisfaciat,
571 947 630 977 scd
654 947 731 988 quia
754 957 922 988 personae
941 956 1055 977 recon-

77 989 206 1023 ciliatae
229 997 261 1021 et
285 990 392 1021 iustae
415 996 492 1021 sunt
515 995 650 1030 propter
669 989 848 1028 Christum,
872 995 905 1020 et
917 990 1056 1020 credunt

77 1033 141 1065 sibi
174 1033 355 1064 condonari
390 1031 646 1064 imbecillitatem
679 1042 785 1063 suam.
841 1031 897 1064 Sic
931 1031 1055 1062 Paulus

76 1076 186 1113 docet,
199 1073 300 1107 Nulla
324 1085 411 1106 nunc
435 1082 483 1106 es:
510 1075 739 1106 condemnatio
764 1074 827 1112 his,
850 1075 905 1116 qui
923 1080 1001 1106 sunt
1023 1075 1056 1104 in

76 1117 212 1150 Christo
236 1124 298 1149 etc.
334 1117 529 1159 Quanquam
558 1118 658 1159 igitur
680 1117 765 1148 haec
787 1127 876 1148 noua
899 1117 1055 1148 obedien—

74 1161 132 1199 tia,
154 1158 272 1202 procul
293 1161 389 1191 abest
413 1171 432 1191 a
454 1159 658 1200 pe2fectione
681 1159 780 1201 legis,
803 1166 912 1191 tamen
934 1166 987 1191 est
1008 1159 1056 1190 iu·

76 1204 187 1241 sticia,
211 1209 244 1234 et
267 1209 412 1234 meretur
434 1203 575 1243 premia,
598 1203 674 1234 ideo
706 1203 780 1244 quia
809 1212 976 1243 personae
1004 1212 1054 1232 re-

75 1243 270 1277 conciliatae
304 1252 388 1277 sunt.
442 1245 552 1287 Atque
584 1246 628 1277 ita
657 1245 698 1277 de
720 1247 878 1286 operibus
911 1245 1056 1276 iudican-

655 167 695 200 u.
739 167 779 201 B.
824 167 1072 202 CONFESSIO
1095 167 1372 200 AUGUSTANA
1392 166 1506 201 msA.

1077 739 1086 987 l

1079 996 1085 1267 Ι

2018 166 2084 200 370

1103 263 1249 305 impium,
1273 261 1304 293 id
1329 267 1391 300 est,
1416 261 1471 303 qui
1495 271 1535 293 ex
1557 261 1655 301 impio
1678 259 1756 292 facit
1776 261 1913 299 iustum,
1942 260 1977 292 Si
2005 267 2084 301 ngat

1103 311 1259 347 tanquam
1300 315 1341 336 ex
1374 303 1491 346 regula
1526 303 1557 335 le
1583 304 1611 335 is
1652 304 1840 344 proposita,
1876 303 2083 336 damnandus

1106 354 1155 380 est
1180 353 1347 389 peccator.
1393 347 1465 378 Hac
1488 356 1569 388 regu
1585 357 1616 385 a,
1637 347 1665 377 si
1688 352 1820 388 ageret,
1845 357 1942 387 quem
1965 345 2084 379 libera-

1105 391 1177 423 ret?
1201 391 1328 421 Omnes
1352 391 1437 421 enim
1462 397 1659 431 peccatores
1683 389 1819 428 inuenit,
1834 388 1904 419 lloc
1929 390 1972 419 ait
1995 390 2084 431 Apo-

1105 432 1228 471 stolus,
1259 432 1382 464 Omnes
1416 438 1642 474 peccauerunt
1677 438 1708 463 et
1743 437 1842 473 egent
1876 431 1982 472 gloria
2010 432 2084 464 Dei.

1106 475 1191 511 Quid
1215 481 1278 512 est,
1303 475 1413 517 Egent
1443 473 1550 517 gloria
1580 474 1664 506 Dei?
1698 474 1741 505 Vt
1766 476 1837 515 ipse
1861 473 1994 513 liberet,
2017 485 2084 506 non

1106 525 1151 556 tu,
1176 518 1260 555 Quia
1283 524 1317 549 tu
1341 528 1408 549 non
1431 525 1528 558 potes
1552 516 1711 555 liberare,
1736 518 1865 559 indiges
1890 515 2085 556 liberatore,

1106 561 1191 596 Quid
1216 570 1268 592 est
1292 561 1380 602 quod
1410 567 1442 592 te
1473 560 1605 592 iactas?
1633 560 1712 601 quid
1730 566 1781 591 est
1807 559 1895 601 quod
1924 560 1965 590 de
1996 558 2084 602 lege,

1106 611 1137 635 et
1161 603 1290 635 iusticia
1311 603 1496 644 presumis?
1524 603 1599 633 Non
1629 603 1723 634 vides
1754 603 1831 644 quid
1859 603 1946 633 intus
1976 608 2087 634 tecum

1105 646 1250 688 pugnet?
1273 645 1349 678 Non
1373 647 1469 678 audis
1493 645 1733 679 decertantem,
1758 652 1789 676 et
1814 644 2025 677 confitentem
2054 651 2087 677 et

1105 690 1300 735 adiutorium
1323 690 1355 720 in
1379 699 1490 730 pugna
1513 688 1767 720 desiderantem.
1815 687 1917 719 Miser
1940 698 2004 729 ego
2027 687 2087 719 ho-

1106 743 1159 763 mo
1184 739 1246 763 etc.
1280 730 1393 763 Facile
1416 738 1526 763 autem
1551 731 1688 763 iudicari
1712 737 1835 772 potest,
1859 731 2086 762 necessariam

1106 785 1183 807 esse
1206 773 1383 806 Ecclesiae
1404 774 1493 806 hanc
1517 775 1713 812 doctrinam,
1737 780 1772 804 vt
1800 774 1908 804 sciant
1935 773 2086 805 homines

1107 828 1145 849 sc
1165 828 1230 849 non
1255 815 1453 848 satisfacere
1476 816 1555 858 legi,
1579 823 1610 848 et
1634 823 1741 847 tamen
1764 816 1907 847 habeant
1933 815 2086 847 consola-

1105 862 1244 898 tionem,
1271 860 1437 901 quomodo
1465 859 1551 891 haec
1578 859 1769 901 imperfecta
1801 859 1989 890 obedientia
2017 857 2087 900 pla-

1105 910 1187 935 ceat.
1235 902 1327 934 Hanc
1356 903 1539 934 doctrinam
1567 901 1769 934 horribiliter
1798 903 1979 933 obruerunt
2009 901 2086 933 olim

1105 945 1267 987 quaedam
1292 946 1461 976 absurdae
1484 946 1732 986 persuasiones,
1757 945 1789 976 in
1820 946 1939 985 quibus
1963 945 2087 976 indocti

1106 994 1222 1019 contra
1252 989 1459 1019 autoritatem
1488 989 1554 1018 scri
1571 995 1673 1019 iturae
1697 994 1730 1019 et
1753 988 1875 1019 veteris
1901 986 2087 1026 Ecclesiae,

1105 1030 1269 1062 finxerunt
1292 1030 1446 1062 homines
1469 1029 1534 1071 legi
1590 1031 1617 1061 ei
1632 1029 1839 1068 satisfacere,
1862 1030 1954 1068 Item,
1976 1031 2087 1062 iustos

1105 1083 1183 1104 esse
1206 1079 1344 1114 propter
1366 1071 1452 1114 legis
1475 1071 1695 1114 impletionem
1719 1081 1782 1104 etc.
1828 1073 1869 1104 Et
1898 1073 2087 1105 monachos

1104 1115 1272 1157 perfectos
1292 1125 1388 1154 esse,
1424 1120 1456 1146 et
1484 1114 1647 1156 ampliora
1670 1122 1702 1146 et
1730 1116 1954 1157 prestantiora
1984 1126 2088 1157 opera

1104 1164 1265 1201 prestare,
1290 1169 1388 1200 quam
1411 1158 1464 1189 lex
1489 1156 1551 1189 Dei
1573 1158 1718 1200 flagitat,
1741 1159 1868 1189 interim
1892 1157 2089 1190 altissimum

1104 1201 1270 1233 silentium
1304 1208 1392 1239 erat,
1426 1202 1597 1242 quomodo
1626 1200 1691 1232 fide
1719 1201 2020 1242 apprehendendus
2047 1201 2090 1233 sit

1105 1245 1266 1276 mediator
1290 1243 1457 1281 Christus,
1481 1244 1548 1275 Sed
1572 1245 1730 1275 iubebant
1753 1244 1916 1282 dubitare,
1940 1250 1995 1276 aut
2009 1254 2089 1275 con-

76 1289 154 1320 dum
178 1295 242 1326 est,
268 1298 352 1330 quae
375 1288 506 1330 quidem
528 1287 740 1329 amplissimis
759 1287 914 1319 laudibus
936 1297 1056 1318 ornan·
1104 1288 1207 1319 fidere
1230 1287 1376 1328 proprijs
1401 1287 1569 1328 operibus.

74 1331 117 1363 da
146 1337 239 1368 sunt,
274 1332 363 1372 quod
398 1331 464 1362 sint
483 1331 694 1370 necessaria,
724 1332 814 1372 quod
844 1333 911 1362 sint
945 1330 1054 1362 cultus

73 1373 139 1406 Dei
164 1381 196 1406 et
228 1374 395 1405 sacrificia
421 1372 606 1414 spiritualia
634 1381 666 1405 et
696 1380 886 1405 mereantur
919 1374 1054 1415 premia.

76 1417 145 1449 Sed
169 1423 278 1448 tamen
301 1417 343 1448 de
365 1426 511 1458 persona
534 1417 625 1457 prius
648 1417 793 1448 tenenda
804 1426 852 1448 est
869 1415 953 1448 haec
977 1427 1055 1448 con-

75 1458 209 1498 solatio,
232 1460 426 1491 necessaria
449 1461 481 1491 in
506 1460 686 1491 certamine
709 1460 952 1499 conscienciae,
966 1459 1055 1501 quod

75 1502 143 1534 fide
165 1503 269 1544 gratis
298 1503 480 1534 habeamus
507 1503 736 1534 remissionem
763 1509 996 1544 peccatorum,
1025 1508 1058 1533 et

75 1555 224 1588 persona
257 1546 363 1584 insta,
392 1546 425 1576 id
448 1551 501 1577 est
528 1545 748 1578 reconciliata
783 1547 844 1585 sit,
875 1551 907 1577 et
936 1545 1058 1577 haeres

76 1589 166 1620 vitae
187 1594 357 1626 aeternae,
382 1596 518 1630 propter
537 1588 719 1626 Christum,
742 1595 862 1630 postea
885 1598 966 1620 vero
989 1587 1058 1629 pla-

78 1641 155 1663 cere
179 1631 418 1669 obedientiam,
441 1633 531 1663 iuxta
554 1630 654 1670 illud,
677 1632 775 1664 Nunc
797 1642 863 1663 non
887 1633 970 1663 estis
995 1632 1058 1663 sub

77 1674 172 1716 lege,
200 1674 261 1705 sed
291 1675 355 1706 sub
384 1674 508 1716 gratia,
537 1674 614 1706 Non
648 1675 735 1707 enim
765 1681 908 1717 possunt
936 1675 1059 1716 opponi

77 1717 147 1749 irae
170 1727 211 1749 ac
234 1717 334 1749 iudici
352 1735 355 1743 =
370 1717 433 1748 Dei
457 1724 572 1748 nostra
595 1727 710 1759 opera,
735 1719 795 1750 sed
818 1724 964 1750 terrores
984 1728 1059 1760 pec-

81 1761 146 1792 cati
186 1766 219 1791 et
258 1761 375 1791 mortis
414 1760 565 1792 vincendi
601 1767 678 1792 sunt
712 1760 832 1793 fiducia
867 1761 1059 1793 mediatoris

79 1803 215 1842 Christi,
238 1801 332 1835 Sicut
354 1804 515 1844 scriptum
538 1809 602 1841 est,
622 1803 650 1834 Ο
675 1815 774 1844 mors,
799 1815 856 1836 ero
875 1814 967 1835 mors
991 1810 1060 1841 tua,

78 1845 121 1877 Et
145 1846 237 1878 loan.
260 1847 293 1877 6.
316 1847 361 1877 ait
383 1845 550 1878 Christus.
584 1846 677 1878 Haec
701 1854 751 1878 est
775 1846 932 1879 voluntas
956 1847 1059 1888 patris

80 1890 135 1931 qui
158 1889 246 1920 misit
271 1900 338 1927 mc,
368 1897 403 1920 vt
433 1891 539 1921 omnis
570 1890 625 1931 qui
658 1890 743 1921 videt
774 1890 876 1921 filium
901 1897 933 1922 et
957 1890 1060 1921 credit

80 1933 113 1964 in
135 1942 222 1970 eum,
245 1931 369 1964 habeat
392 1933 492 1964 vitam
512 1939 698 1971 aeternam,
722 1933 763 1965 Et
786 1931 922 1972 Paulus,
945 1933 1060 1965 iustifi-

81 1975 236 2013 catilide,
256 1985 374 2016 pacem
393 1974 566 2013 habemus,
587 1975 627 2007 Et
648 1975 801 2009 Ecclesia
820 1987 952 2018 semper
976 1982 1060 2014 orat,

78 2017 217 2050 Dimitte
228 2018 327 2050 nobis
340 2019 452 2050 debita
464 2026 593 2057 nostra,
608 2020 717 2061 Atque
729 2021 771 2051 ita
785 2021 826 2051 de
838 2019 1063 2051 imbecillitate

79 2065 285 2100 sanctorum,
297 2062 386 2093 etde
398 2061 464 2093 fide
477 2062 611 2100 docent,
624 2068 656 2094 et
670 2063 732 2105 ipsi
747 2063 862 2095 Sancti
877 2064 921 2099 ⁹⁵)
934 2062 1063 2101 Patres,

79 2103 290 2146 Augustinus
312 2105 345 2136 in
368 2105 578 2137 enarratione
590 2104 714 2143 Psalmi
726 2107 779 2138 30.
804 2106 917 2148 inquit.
950 2106 986 2137 ln
1008 2112 1065 2137 tua

79 2147 210 2179 iusticia
231 2157 312 2180 erue
333 2158 398 2187 me,
410 2147 495 2180 Nam
507 2149 535 2180 si
554 2150 707 2181 attendas
719 2150 762 2182 ad
774 2150 936 2181 iusticiam
948 2159 1065 2188 meam,

82 2191 222 2223 damnas
233 2200 296 2222 me.
331 2191 368 2222 ln
396 2196 454 2223 tua
465 2191 595 2224 iusticia
606 2202 660 2224 me
683 2203 775 2233 erue,
793 2192 853 2225 Est
870 2194 956 2225 enim
974 2193 1065 2226 iusti-

82 2234 135 2266 cia
161 2233 243 2272 Dei,
273 2243 359 2276 quae
388 2240 420 2266 et
447 2241 565 2267 nostra
594 2235 651 2275 fit,
682 2247 756 2269 cum
787 2237 929 2269 donatur
956 2237 1065 2269 nobis.

82 2276 162 2309 Ideo
185 2282 296 2309 autem
318 2277 384 2310 Dei
406 2277 537 2310 iusticia
560 2278 690 2319 dicitur,
712 2290 756 2312 ne
778 2279 878 2312 homo
909 2290 987 2313 sese
1009 2290 1067 2320 pu·

83 2325 130 2352 tet
162 2330 184 2352 a.
217 2321 332 2362 seipso
365 2319 491 2353 habere
525 2321 708 2363 iusticiam,
746 2324 840 2357 Sicut
867 2324 954 2356 enim
989 2323 1068 2355 dicit

84 2361 270 2406 Apostolus
302 2362 440 2397 Paulus.
485 2363 643 2398 credenti
671 2366 705 2399 in
728 2377 805 2400 etun
827 2367 884 2410 qui
911 2365 1068 2400 iustificat

87 2519 135 2551 92)
154 2517 267 2551 Qum-to]
285 2519 323 2544 εἰσ
339 2523 407 2545 recte
423 2519 474 2544 Ed.
494 2520 536 2553 4.;
554 2520 605 2546 Ed.
624 2520 664 2546 3.:
684 2520 792 2552 Quarta.

89 2561 137 2594 ⁹3)
155 2562 272 2595 quando]
290 2563 327 2587 εἰσ
345 2563 395 2587 Ed.
414 2562 458 2594 3.;
475 2562 526 2588 Ed.
545 2564 586 2589 4.:
604 2565 735 2597 quomodo

90 2603 137 2637 94)
157 2605 336 2639 immundicie]
348 2606 386 2631 nic
394 2610 461 2632 recte
478 2607 527 2633 Ed.
539 2608 581 2638 4.;
598 2607 650 2634 Ed.
661 2608 687 2635 3.
707 2611 758 2642 ryp.
769 2616 867 2634 more:
886 2608 1071 2634 immundiciae

91 2647 138 2680 ⁹5)
155 2647 258 2682 Sancti]
278 2649 329 2675 Ed.
349 2649 375 2674 3.
394 2648 468 2675 haber
485 2651 626 2684 ιαὶμῆοηὲι
641 2651 822 2685 mundium:
845 2651 890 2678 So.
908 2652 958 2678 Ed.
977 2653 1017 2678 ιτ
1039 2653 1069 2679 8.

297 2707 446 2731 ΜΒ.
461 2709 543 2731 onn-
556 2710 622 2732 VOL.
631 2710 713 2732 un.

1078 1388 1083 1432 ἱ

1083 1786 1096 2288 1

1191 1354 1367 1386 Caeterum
1402 1355 1442 1386 de
1467 1355 1532 1385 hnc
1569 1356 1756 1386 obedientia
1790 1356 1888 1387 etiam
1919 1355 2090 1394 docemus,

1105 1409 1164 1430 eos
1186 1399 1241 1440 qui
1263 1398 1439 1429 admittunt
1463 1404 1600 1439 peccata
1633 1398 1804 1437 mortalia,
1839 1409 1906 1430 non
1935 1408 2014 1429 esse
2045 1399 2089 1429 iu-

1105 1448 1190 1480 stOS,
1214 1441 1291 1482 quia
1315 1440 1410 1473 Deus
1431 1441 1569 1483 requirit
1591 1440 1677 1473 hanc
1709 1441 1948 1476 obedientiam,
1977 1446 2012 1472 vt
2041 1450 2091 1472 re-

1106 1486 1262 1516 sistamus
1287 1484 1421 1516 viciosis
1447 1484 1632 1523 affectibus,
1664 1485 1727 1520 Qui
1757 1490 1867 1516 autem
1899 1494 1965 1516 non
1995 1493 2092 1525 repu-

1107 1534 1221 1570 gnant,
1244 1527 1306 1558 sed
1330 1528 1560 1569 obtemperant
1581 1527 1630 1559 eis
1663 1533 1779 1559 contra
1797 1529 1986 1559 mandatum
2014 1526 2091 1566 Dei,

1107 1578 1139 1602 et
1158 1571 1333 1602 admittunt
1355 1571 1505 1602 actiones
1530 1577 1647 1602 contra
1669 1571 1934 1610 conscienciam,
1957 1570 1989 1601 hi
2014 1575 2092 1602 sunt

1106 1615 1231 1652 iniusti,
1257 1620 1289 1645 et
1312 1623 1420 1654 neque
1449 1613 1598 1655 spiritum
1631 1619 1802 1652 sanctum,
1836 1624 1946 1655 neque
1980 1613 2090 1651 fidem,

1107 1658 1139 1689 id
1174 1662 1243 1695 est,
1272 1656 1427 1688 fiduciam
1459 1657 1719 1696 misericordiae,
1746 1657 1898 1689 retinent.
1944 1656 2029 1688 Nam
2057 1656 2092 1687 in

1107 1701 1159 1732 his
1188 1701 1243 1742 qui
1273 1698 1481 1731 delectantur
1508 1701 1673 1741 peccatis,
1699 1710 1762 1733 nec
1792 1706 1894 1743 agunt
1922 1700 2091 1741 poeniten-

1108 1745 1198 1781 tiam,
1222 1754 1263 1774 ne
1286 1748 1398 1784 potest
1422 1742 1554 1784 quidem
1574 1743 1694 1775 fiducia
1717 1744 1873 1782 existere,
1891 1753 1977 1785 quae
1989 1752 2090 1784 quae-

1108 1795 1157 1819 rat
1179 1787 1406 1818 remissionem
1430 1794 1656 1827 peccatorum.

1196 1863 1329 1902 Quinto,
1353 1864 1504 1895 Necesse
1523 1870 1575 1895 est
1596 1864 1661 1895 hoc
1685 1874 1817 1906 quoque
1841 1864 1982 1901 docere,
2013 1873 2092 1905 quo-

1109 1908 1206 1938 modo
1230 1905 1344 1938 facere
1374 1906 1525 1938 homines
1557 1907 1644 1938 bona
1675 1917 1776 1948 opera
1806 1907 1946 1948 possint.
1991 1906 2092 1938 Modo

1112 1951 1234 1982 dictum
1259 1956 1329 1989 est,
1355 1950 1522 1992 quomodo
1552 1949 1707 1991 placeant
1730 1949 1825 1988 Deo,
1859 1949 1912 1981 hic
1941 1950 2093 1981 addimus

1111 1995 1208 2025 etiam
1240 1995 1407 2034 quomodo
1442 1993 1512 2024 fieri
1542 1993 1690 2035 possint,
1721 1993 1792 2024 Etsi
1827 1994 1911 2025 enim
1941 1993 2093 2024 homines

1112 2037 1183 2069 suis
1207 2037 1332 2068 viribus
1356 2043 1493 2069 externa
1517 2036 1659 2067 honesta
1691 2047 1794 2078 opera
1822 2042 1990 2078 utcunque
2023 2033 2094 2067 effi-

1112 2090 1189 2112 cere
1206 2085 1358 2122 possunt,
1381 2086 1414 2112 et
1435 2080 1524 2112 hanc
1547 2078 1752 2121 disciplinam
1784 2080 1905 2111 debent
1930 2086 2094 2120 prestare·

1112 2130 1222 2156 tamen
1244 2123 1395 2156 homines
1418 2124 1490 2155 sine
1514 2123 1579 2156 fide
1607 2129 1685 2154 sunt
1707 2123 1741 2154 in
1769 2128 1933 2164 potestate
1961 2119 2096 2159 diaboli,

1114 2168 1169 2210 qui
1198 2166 1336 2209 impellit
1368 2176 1428 2200 eos
1457 2167 1506 2198 at}
1529 2165 1736 2198 manifestam
1764 2166 2014 2207 turpitudinem,
2042 2173 2097 2196 oc-

1113 2215 1213 2253 cupat
1235 2211 1363 2242 animos
1386 2221 1503 2243 eorum
1525 2210 1634 2253 impijs
1657 2215 1689 2242 et
1711 2207 1914 2251 plasphemis
1936 2207 2097 2249 opinioni-

1115 2255 1191 2293 bus,
1213 2254 1247 2285 id
1270 2254 1355 2286 enim
1379 2260 1432 2286 est
1453 2263 1592 2296 regnum
1616 2259 1650 2285 et
1680 2253 1831 2295 tyrannis
1862 2251 1996 2284 diaboli.
2042 2251 2098 2283 Ad

1114 2297 1199 2330 haec
1226 2303 1346 2330 natura
1397 2308 1433 2330 er
1463 2307 1542 2329 sese
1573 2297 1704 2329 infirma
1731 2301 1800 2335 est,
1829 2301 1862 2328 et
1890 2305 1957 2326 non
1986 2299 2098 2337 potest

1115 2342 1188 2373 sine
1220 2340 1344 2373 auxilio
1412 2341 1441 2373 ei
1470 2350 1510 2372 se
1542 2340 1690 2383 erigere,
1724 2345 1757 2371 et
1785 2337 1966 2381 spiritualia
1994 2347 2098 2380 opera

1115 2383 1264 2424 efficere,
1286 2383 1365 2416 Ideo
1389 2384 1549 2416 docentur
1567 2383 1731 2421 homines,
1754 2382 1787 2414 in
1809 2380 1996 2424 Euangelio
2020 2392 2098 2423 pro-

1116 2427 1198 2460 mitti
1219 2427 1368 2470 spiritum
1390 2433 1552 2466 sanctum,
1572 2427 1627 2468 qui
1639 2426 1767 2458 animos
1787 2435 1913 2461 eorum,
1927 2425 1982 2467 qui
1995 2429 2099 2467 agunt

1116 2471 1351 2512 poenitentiam
1375 2477 1408 2502 et
1430 2469 1614 2513 Euangelio
1639 2469 1882 2508 assentiuntur,
1911 2469 2046 2500 adiuuet
2067 2471 2103 2500 et

1116 2515 1292 2557 gubernet.
1336 2513 1448 2550 Quare
1469 2514 1503 2545 in
1526 2514 1614 2546 omni
1638 2514 1718 2551 vita,
1739 2513 1773 2545 in
1795 2517 1887 2544 tanta
1909 2511 2104 2544 infirmitate

1117 2562 1268 2596 naturae,
1289 2557 1375 2589 inter
1397 2557 1460 2590 has
1483 2555 1606 2589 diaboli
1629 2556 1786 2595 insidias,
1805 2556 1839 2587 in
1869 2555 2022 2588 omnibus
2045 2563 2102 2597 pe-

1117 2599 1230 2633 riculis
1251 2601 1441 2633 exercenda
1459 2606 1510 2632 est
1537 2600 1622 2632 fides
1650 2601 1684 2632 in
1708 2599 1938 2638 inuocatione,
1966 2603 2002 2630 vt
2029 2607 2104 2639 per·

1117 2653 1278 2678 seueram
1305 2644 1341 2677 in
1368 2643 1435 2677 fide
1463 2649 1497 2678 et
1523 2643 1712 2677 obedientia
1740 2652 1822 2686 erga
1855 2641 1965 2676 Deum
1991 2640 2104 2684 poni·

1866 2703 1900 2728 24
