<?xml version="1.0" encoding="UTF-8"?>
<!DOCTYPE html PUBLIC "-//W3C//DTD XHTML 1.0 Transitional//EN"
    "http://www.w3.org/TR/xhtml1/DTD/xhtml1-transitional.dtd">
<html xmlns="http://www.w3.org/1999/xhtml" xml:lang="en" lang="en">
 <head>
  <title>
</title>
<meta http-equiv="Content-Type" content="text/html;charset=utf-8" />
  <meta name='ocr-system' content='tesseract 3.04.00' />
  <meta name='ocr-capabilities' content='ocr_page ocr_carea ocr_par ocr_line ocrx_word'/>
</head>
<body>
  <div class='ocr_page' id='page_1' title='image "./operaquaesupersu26melauoft_0201.png"; bbox 0 0 2324 2944; ppageno 0'>
   <div class='ocr_carea' id='block_1_1' title="bbox 0 0 56 1552">
    <p class='ocr_par' dir='ltr' id='par_1_1' title="bbox 0 0 56 1552">
     <span class='ocr_line' id='line_1_1' title="bbox 0 0 56 1552; baseline 0 0"><span class='ocrx_word' id='word_1_1' title='bbox 0 0 56 1552; x_wconf 95' lang='lat' dir='ltr'> </span> 
     </span>
    </p>
   </div>
   <div class='ocr_carea' id='block_1_2' title="bbox 124 107 744 142">
    <p class='ocr_par' dir='ltr' id='par_1_2' title="bbox 124 107 744 142">
     <span class='ocr_line' id='line_1_2' title="bbox 124 107 744 142; baseline -0.006 0"><span class='ocrx_word' id='word_1_2' title='bbox 124 110 189 142; x_wconf 86' lang='lat'>373</span> <span class='ocrx_word' id='word_1_3' title='bbox 705 107 744 139; x_wconf 88' lang='lat'>11.</span> 
     </span>
    </p>
   </div>
   <div class='ocr_carea' id='block_1_3' title="bbox 116 199 1104 2126">
    <p class='ocr_par' dir='ltr' id='par_1_3' title="bbox 121 199 1104 671">
     <span class='ocr_line' id='line_1_3' title="bbox 123 199 1103 243; baseline -0.001 -9"><span class='ocrx_word' id='word_1_4' title='bbox 123 202 223 234; x_wconf 85' lang='lat' dir='ltr'>dubie</span> <span class='ocrx_word' id='word_1_5' title='bbox 245 203 406 234; x_wconf 89' lang='lat' dir='ltr'>obscurat</span> <span class='ocrx_word' id='word_1_6' title='bbox 429 200 568 243; x_wconf 85' lang='lat' dir='ltr'>gloriam</span> <span class='ocrx_word' id='word_1_7' title='bbox 593 199 728 239; x_wconf 75' lang='lat' dir='ltr'>Christi,</span> <span class='ocrx_word' id='word_1_8' title='bbox 753 200 828 233; x_wconf 86' lang='lat' dir='ltr'>Ideo</span> <span class='ocrx_word' id='word_1_9' title='bbox 853 207 955 233; x_wconf 89' lang='lat' dir='ltr'>totum</span> <span class='ocrx_word' id='word_1_10' title='bbox 978 211 1103 233; x_wconf 89' lang='lat' dir='ltr'>morem</span> 
     </span>
     <span class='ocr_line' id='line_1_4' title="bbox 123 243 1102 285; baseline -0.002 -8"><span class='ocrx_word' id='word_1_11' title='bbox 123 245 301 282; x_wconf 83' lang='lat' dir='ltr'>inuocandi</span> <span class='ocrx_word' id='word_1_12' title='bbox 335 250 474 276; x_wconf 84' lang='lat' dir='ltr'>sanctos</span> <span class='ocrx_word' id='word_1_13' title='bbox 503 243 653 275; x_wconf 86' lang='lat' dir='ltr'>homines</span> <span class='ocrx_word' id='word_1_14' title='bbox 681 244 735 285; x_wconf 91' lang='lat' dir='ltr'>qui</span> <span class='ocrx_word' id='word_1_15' title='bbox 766 255 806 275; x_wconf 90' lang='lat' dir='ltr'>ex</span> <span class='ocrx_word' id='word_1_16' title='bbox 840 243 904 276; x_wconf 89' lang='lat' dir='ltr'>hac</span> <span class='ocrx_word' id='word_1_17' title='bbox 939 245 1005 275; x_wconf 88' lang='lat' dir='ltr'>vita</span> <span class='ocrx_word' id='word_1_18' title='bbox 1040 245 1102 276; x_wconf 88' lang='lat' dir='ltr'>dis-</span> 
     </span>
     <span class='ocr_line' id='line_1_5' title="bbox 124 285 1102 328; baseline -0.002 -9"><span class='ocrx_word' id='word_1_19' title='bbox 124 293 314 325; x_wconf 86' lang='lat' dir='ltr'>cesserunt,</span> <span class='ocrx_word' id='word_1_20' title='bbox 337 287 532 318; x_wconf 83' lang='lat' dir='ltr'>damnamus</span> <span class='ocrx_word' id='word_1_21' title='bbox 544 294 577 318; x_wconf 87' lang='lat' dir='ltr'>et</span> <span class='ocrx_word' id='word_1_22' title='bbox 600 285 793 328; x_wconf 86' lang='lat' dir='ltr'>fugiendum</span> <span class='ocrx_word' id='word_1_23' title='bbox 815 296 892 318; x_wconf 90' lang='lat' dir='ltr'>esse</span> <span class='ocrx_word' id='word_1_24' title='bbox 916 297 1102 319; x_wconf 83' lang='lat' dir='ltr'>censemus.</span> 
     </span>
     <span class='ocr_line' id='line_1_6' title="bbox 124 328 1104 371; baseline -0.002 -9"><span class='ocrx_word' id='word_1_25' title='bbox 124 329 192 362; x_wconf 84' lang='lat' dir='ltr'>Sed</span> <span class='ocrx_word' id='word_1_26' title='bbox 216 328 295 361; x_wconf 90' lang='lat' dir='ltr'>illud</span> <span class='ocrx_word' id='word_1_27' title='bbox 318 330 455 371; x_wconf 84' lang='lat' dir='ltr'>prodest</span> <span class='ocrx_word' id='word_1_28' title='bbox 480 330 621 361; x_wconf 86' lang='lat' dir='ltr'>recitare</span> <span class='ocrx_word' id='word_1_29' title='bbox 647 339 746 361; x_wconf 86' lang='lat' dir='ltr'>veras</span> <span class='ocrx_word' id='word_1_30' title='bbox 775 329 934 361; x_wconf 77' lang='lat' dir='ltr'>historias</span> <span class='ocrx_word' id='word_1_31' title='bbox 963 331 1104 371; x_wconf 90' lang='lat' dir='ltr'>piorum,</span> 
     </span>
     <span class='ocr_line' id='line_1_7' title="bbox 146 370 1102 414; baseline -0.001 -10"><span class='ocrx_word' id='word_1_32' title='bbox 146 373 201 404; x_wconf 82' lang='lat' dir='ltr'>uia</span> <span class='ocrx_word' id='word_1_33' title='bbox 219 370 372 414; x_wconf 79' lang='lat' dir='ltr'>exempla</span> <span class='ocrx_word' id='word_1_34' title='bbox 395 371 518 403; x_wconf 83' lang='lat' dir='ltr'>vtiliter</span> <span class='ocrx_word' id='word_1_35' title='bbox 542 373 663 403; x_wconf 82' lang='lat' dir='ltr'>docent</span> <span class='ocrx_word' id='word_1_36' title='bbox 687 371 716 402; x_wconf 81' lang='lat' dir='ltr'>si</span> <span class='ocrx_word' id='word_1_37' title='bbox 746 379 837 403; x_wconf 86' lang='lat' dir='ltr'>recte</span> <span class='ocrx_word' id='word_1_38' title='bbox 862 379 1102 414; x_wconf 75' lang='lat' dir='ltr'>proponantur,</span> 
     </span>
     <span class='ocr_line' id='line_1_8' title="bbox 123 383 1102 455; baseline -0.002 -8"><span class='ocrx_word' id='word_1_39' title='bbox 123 383 206 447; x_wconf 56' lang='lat' dir='ltr'>gum</span> <span class='ocrx_word' id='word_1_40' title='bbox 236 415 386 447; x_wconf 83' lang='lat' dir='ltr'>audimus</span> <span class='ocrx_word' id='word_1_41' title='bbox 420 413 542 446; x_wconf 89' lang='lat' dir='ltr'>Dauidi</span> <span class='ocrx_word' id='word_1_42' title='bbox 577 415 802 446; x_wconf 85' lang='lat' dir='ltr'>condonatum</span> <span class='ocrx_word' id='word_1_43' title='bbox 843 424 921 446; x_wconf 81' lang='lat' dir='ltr'>esse</span> <span class='ocrx_word' id='word_1_44' title='bbox 959 413 1102 455; x_wconf 79' lang='lat' dir='ltr'>lapsum,</span> 
     </span>
     <span class='ocr_line' id='line_1_9' title="bbox 123 457 1102 499; baseline -0.001 -10"><span class='ocrx_word' id='word_1_45' title='bbox 123 457 338 490; x_wconf 86' lang='lat' dir='ltr'>confirmatur</span> <span class='ocrx_word' id='word_1_46' title='bbox 356 457 440 489; x_wconf 78' lang='lat' dir='ltr'>fides</span> <span class='ocrx_word' id='word_1_47' title='bbox 463 458 496 488; x_wconf 91' lang='lat' dir='ltr'>in</span> <span class='ocrx_word' id='word_1_48' title='bbox 519 457 616 488; x_wconf 91' lang='lat' dir='ltr'>nobis</span> <span class='ocrx_word' id='word_1_49' title='bbox 640 467 772 499; x_wconf 81' lang='lat' dir='ltr'>quoque</span> <span class='ocrx_word' id='word_1_50' title='bbox 802 458 990 488; x_wconf 82' lang='lat' dir='ltr'>constantia</span> <span class='ocrx_word' id='word_1_51' title='bbox 1018 467 1102 488; x_wconf 88' lang='lat' dir='ltr'>mar-</span> 
     </span>
     <span class='ocr_line' id='line_1_10' title="bbox 122 500 1102 543; baseline -0.001 -12"><span class='ocrx_word' id='word_1_52' title='bbox 122 506 230 543; x_wconf 83' lang='lat' dir='ltr'>tyrum</span> <span class='ocrx_word' id='word_1_53' title='bbox 254 508 402 532; x_wconf 86' lang='lat' dir='ltr'>veterum</span> <span class='ocrx_word' id='word_1_54' title='bbox 425 510 514 532; x_wconf 89' lang='lat' dir='ltr'>nunc</span> <span class='ocrx_word' id='word_1_55' title='bbox 537 510 671 542; x_wconf 88' lang='lat' dir='ltr'>quoque</span> <span class='ocrx_word' id='word_1_56' title='bbox 695 500 1009 531; x_wconf 78' lang='lat' dir='ltr'>confirmatanimos</span> <span class='ocrx_word' id='word_1_57' title='bbox 1033 500 1102 540; x_wconf 84' lang='lat' dir='ltr'>pio·</span> 
     </span>
     <span class='ocr_line' id='line_1_11' title="bbox 122 541 1101 582; baseline -0.001 -7"><span class='ocrx_word' id='word_1_58' title='bbox 122 553 214 582; x_wconf 87' lang='lat' dir='ltr'>rum,</span> <span class='ocrx_word' id='word_1_59' title='bbox 249 543 304 575; x_wconf 89' lang='lat' dir='ltr'>Ad</span> <span class='ocrx_word' id='word_1_60' title='bbox 337 543 423 574; x_wconf 88' lang='lat' dir='ltr'>hanc</span> <span class='ocrx_word' id='word_1_61' title='bbox 456 541 628 574; x_wconf 80' lang='lat' dir='ltr'>vtilitatem</span> <span class='ocrx_word' id='word_1_62' title='bbox 665 543 807 574; x_wconf 85' lang='lat' dir='ltr'>recitare</span> <span class='ocrx_word' id='word_1_63' title='bbox 837 543 991 574; x_wconf 80' lang='lat' dir='ltr'>historias</span> <span class='ocrx_word' id='word_1_64' title='bbox 1023 541 1101 574; x_wconf 89' lang='lat' dir='ltr'>vtile</span> 
     </span>
     <span class='ocr_line' id='line_1_12' title="bbox 122 585 1102 627; baseline -0.002 -9"><span class='ocrx_word' id='word_1_65' title='bbox 122 592 187 625; x_wconf 83' lang='lat' dir='ltr'>est,</span> <span class='ocrx_word' id='word_1_66' title='bbox 211 585 279 618; x_wconf 90' lang='lat' dir='ltr'>Sed</span> <span class='ocrx_word' id='word_1_67' title='bbox 302 592 412 617; x_wconf 84' lang='lat' dir='ltr'>tamen</span> <span class='ocrx_word' id='word_1_68' title='bbox 434 586 609 627; x_wconf 87' lang='lat' dir='ltr'>prudentia</span> <span class='ocrx_word' id='word_1_69' title='bbox 630 586 663 616; x_wconf 91' lang='lat' dir='ltr'>in</span> <span class='ocrx_word' id='word_1_70' title='bbox 681 587 972 617; x_wconf 75' lang='lat' dir='ltr'>accommodandis</span> <span class='ocrx_word' id='word_1_71' title='bbox 994 595 1102 617; x_wconf 81' lang='lat' dir='ltr'>exem-</span> 
     </span>
     <span class='ocr_line' id='line_1_13' title="bbox 121 627 442 671; baseline -0.006 -11"><span class='ocrx_word' id='word_1_72' title='bbox 121 627 187 671; x_wconf 89' lang='lat' dir='ltr'>plis</span> <span class='ocrx_word' id='word_1_73' title='bbox 213 639 297 670; x_wconf 91' lang='lat' dir='ltr'>opus</span> <span class='ocrx_word' id='word_1_74' title='bbox 321 634 382 660; x_wconf 91' lang='lat' dir='ltr'>est.</span> <span class='ocrx_word' id='word_1_75' title='bbox 398 630 442 666; x_wconf 81' lang='lat'>⁹⁹)</span> 
     </span>
    </p>

    <p class='ocr_par' dir='ltr' id='par_1_4' title="bbox 116 669 1102 2126">
     <span class='ocr_line' id='line_1_14' title="bbox 208 669 1100 712; baseline -0.002 -9"><span class='ocrx_word' id='word_1_76' title='bbox 208 671 300 703; x_wconf 83' lang='lat' dir='ltr'>Haec</span> <span class='ocrx_word' id='word_1_77' title='bbox 327 682 454 703; x_wconf 90' lang='lat' dir='ltr'>summa</span> <span class='ocrx_word' id='word_1_78' title='bbox 484 677 536 702; x_wconf 89' lang='lat' dir='ltr'>est</span> <span class='ocrx_word' id='word_1_79' title='bbox 566 670 737 702; x_wconf 84' lang='lat' dir='ltr'>doctrinae</span> <span class='ocrx_word' id='word_1_80' title='bbox 762 680 847 712; x_wconf 86' lang='lat' dir='ltr'>quae</span> <span class='ocrx_word' id='word_1_81' title='bbox 877 671 910 702; x_wconf 89' lang='lat' dir='ltr'>in</span> <span class='ocrx_word' id='word_1_82' title='bbox 939 669 1100 702; x_wconf 82' lang='lat' dir='ltr'>Ecclesiis</span> 
     </span>
     <span class='ocr_line' id='line_1_15' title="bbox 121 713 1101 746; baseline 0 -1"><span class='ocrx_word' id='word_1_83' title='bbox 121 715 248 746; x_wconf 88' lang='lat' dir='ltr'>nostris</span> <span class='ocrx_word' id='word_1_84' title='bbox 272 715 421 746; x_wconf 84' lang='lat' dir='ltr'>traditur.</span> <span class='ocrx_word' id='word_1_85' title='bbox 466 713 509 745; x_wconf 87' lang='lat' dir='ltr'>Et</span> <span class='ocrx_word' id='word_1_86' title='bbox 531 720 790 745; x_wconf 79' lang='lat' dir='ltr'>consentaneam</span> <span class='ocrx_word' id='word_1_87' title='bbox 813 723 890 745; x_wconf 90' lang='lat' dir='ltr'>esse</span> <span class='ocrx_word' id='word_1_88' title='bbox 917 714 1101 745; x_wconf 89' lang='lat' dir='ltr'>iudicamus</span> 
     </span>
     <span class='ocr_line' id='line_1_16' title="bbox 121 755 1101 798; baseline 0 -10"><span class='ocrx_word' id='word_1_89' title='bbox 121 763 154 789; x_wconf 90' lang='lat' dir='ltr'>et</span> <span class='ocrx_word' id='word_1_90' title='bbox 178 755 398 798; x_wconf 83' lang='lat' dir='ltr'>Propheticac</span> <span class='ocrx_word' id='word_1_91' title='bbox 426 767 467 788; x_wconf 88' lang='lat' dir='ltr'>ac</span> <span class='ocrx_word' id='word_1_92' title='bbox 495 755 714 798; x_wconf 83' lang='lat' dir='ltr'>Apostolicae</span> <span class='ocrx_word' id='word_1_93' title='bbox 743 757 949 797; x_wconf 79' lang='lat' dir='ltr'>scripturae,</span> <span class='ocrx_word' id='word_1_94' title='bbox 977 763 1011 788; x_wconf 72' lang='lat' dir='ltr'>ct</span> <span class='ocrx_word' id='word_1_95' title='bbox 1041 755 1101 788; x_wconf 90' lang='lat' dir='ltr'>Ca-</span> 
     </span>
     <span class='ocr_line' id='line_1_17' title="bbox 120 798 1101 837; baseline 0 -7"><span class='ocrx_word' id='word_1_96' title='bbox 120 798 266 831; x_wconf 86' lang='lat' dir='ltr'>tholicae</span> <span class='ocrx_word' id='word_1_97' title='bbox 288 798 480 837; x_wconf 80' lang='lat' dir='ltr'>Ecclesiae,</span> <span class='ocrx_word' id='word_1_98' title='bbox 511 800 686 831; x_wconf 90' lang='lat' dir='ltr'>Postremo</span> <span class='ocrx_word' id='word_1_99' title='bbox 715 800 812 831; x_wconf 88' lang='lat' dir='ltr'>etiam</span> <span class='ocrx_word' id='word_1_100' title='bbox 841 799 1011 830; x_wconf 84' lang='lat' dir='ltr'>Romanae</span> <span class='ocrx_word' id='word_1_101' title='bbox 1039 798 1101 830; x_wconf 88' lang='lat' dir='ltr'>Ec-</span> 
     </span>
     <span class='ocr_line' id='line_1_18' title="bbox 121 840 1101 883; baseline -0.002 -10"><span class='ocrx_word' id='word_1_102' title='bbox 121 840 256 879; x_wconf 85' lang='lat' dir='ltr'>clesiae,</span> <span class='ocrx_word' id='word_1_103' title='bbox 279 850 442 882; x_wconf 85' lang='lat' dir='ltr'>quatenus</span> <span class='ocrx_word' id='word_1_104' title='bbox 467 852 508 873; x_wconf 83' lang='lat' dir='ltr'>ex</span> <span class='ocrx_word' id='word_1_105' title='bbox 530 843 679 883; x_wconf 87' lang='lat' dir='ltr'>probatis</span> <span class='ocrx_word' id='word_1_106' title='bbox 698 842 1017 883; x_wconf 81' lang='lat' dir='ltr'>sc1·ipt01·ibus.nota</span> <span class='ocrx_word' id='word_1_107' title='bbox 1040 848 1101 873; x_wconf 91' lang='lat' dir='ltr'>est.</span> 
     </span>
     <span class='ocr_line' id='line_1_19' title="bbox 119 883 1102 926; baseline 0 -11"><span class='ocrx_word' id='word_1_108' title='bbox 119 883 232 926; x_wconf 84' lang='lat' dir='ltr'>Atque</span> <span class='ocrx_word' id='word_1_109' title='bbox 255 884 340 915; x_wconf 90' lang='lat' dir='ltr'>idem</span> <span class='ocrx_word' id='word_1_110' title='bbox 364 884 566 916; x_wconf 84' lang='lat' dir='ltr'>iudicaturos</span> <span class='ocrx_word' id='word_1_111' title='bbox 591 894 667 915; x_wconf 78' lang='lat' dir='ltr'>esse</span> <span class='ocrx_word' id='word_1_112' title='bbox 691 894 864 925; x_wconf 81' lang='lat' dir='ltr'>speramus</span> <span class='ocrx_word' id='word_1_113' title='bbox 898 894 1012 915; x_wconf 84' lang='lat' dir='ltr'>onmes</span> <span class='ocrx_word' id='word_1_114' title='bbox 1044 885 1102 915; x_wconf 92' lang='lat' dir='ltr'>bo-</span> 
     </span>
     <span class='ocr_line' id='line_1_20' title="bbox 119 927 1101 968; baseline 0 -10"><span class='ocrx_word' id='word_1_115' title='bbox 119 936 183 959; x_wconf 91' lang='lat' dir='ltr'>nos</span> <span class='ocrx_word' id='word_1_116' title='bbox 206 933 239 958; x_wconf 89' lang='lat' dir='ltr'>et</span> <span class='ocrx_word' id='word_1_117' title='bbox 268 927 388 958; x_wconf 86' lang='lat' dir='ltr'>doctos</span> <span class='ocrx_word' id='word_1_118' title='bbox 419 927 520 958; x_wconf 67' lang='lat' dir='ltr'>viros.</span> <span class='ocrx_word' id='word_1_119' title='bbox 566 927 640 958; x_wconf 90' lang='lat' dir='ltr'>Non</span> <span class='ocrx_word' id='word_1_120' title='bbox 670 928 756 958; x_wconf 89' lang='lat' dir='ltr'>enim</span> <span class='ocrx_word' id='word_1_121' title='bbox 780 937 996 968; x_wconf 77' lang='lat' dir='ltr'>aspernamur</span> <span class='ocrx_word' id='word_1_122' title='bbox 1025 936 1101 958; x_wconf 91' lang='lat' dir='ltr'>con-</span> 
     </span>
     <span class='ocr_line' id='line_1_21' title="bbox 119 968 1101 1008; baseline 0 -7"><span class='ocrx_word' id='word_1_123' title='bbox 119 979 256 1001; x_wconf 81' lang='lat' dir='ltr'>sensum</span> <span class='ocrx_word' id='word_1_124' title='bbox 276 968 473 1001; x_wconf 76' lang='lat' dir='ltr'>Catholicae</span> <span class='ocrx_word' id='word_1_125' title='bbox 491 968 682 1008; x_wconf 76' lang='lat' dir='ltr'>Ecclesiae,</span> <span class='ocrx_word' id='word_1_126' title='bbox 704 970 775 1001; x_wconf 82' lang='lat' dir='ltr'>Nec</span> <span class='ocrx_word' id='word_1_127' title='bbox 805 975 856 1001; x_wconf 85' lang='lat' dir='ltr'>est</span> <span class='ocrx_word' id='word_1_128' title='bbox 879 969 1008 1001; x_wconf 87' lang='lat' dir='ltr'>animus</span> <span class='ocrx_word' id='word_1_129' title='bbox 1043 980 1101 1001; x_wconf 93' lang='lat' dir='ltr'>no·</span> 
     </span>
     <span class='ocr_line' id='line_1_22' title="bbox 118 1010 1102 1054; baseline -0.002 -10"><span class='ocrx_word' id='word_1_130' title='bbox 118 1012 172 1044; x_wconf 89' lang='lat' dir='ltr'>bis</span> <span class='ocrx_word' id='word_1_131' title='bbox 201 1010 302 1043; x_wconf 81' lang='lat' dir='ltr'>vllam</span> <span class='ocrx_word' id='word_1_132' title='bbox 331 1022 453 1044; x_wconf 90' lang='lat' dir='ltr'>nouum</span> <span class='ocrx_word' id='word_1_133' title='bbox 484 1013 604 1054; x_wconf 84' lang='lat' dir='ltr'>dogma</span> <span class='ocrx_word' id='word_1_134' title='bbox 634 1020 667 1044; x_wconf 89' lang='lat' dir='ltr'>et</span> <span class='ocrx_word' id='word_1_135' title='bbox 697 1013 844 1054; x_wconf 89' lang='lat' dir='ltr'>ignotum</span> <span class='ocrx_word' id='word_1_136' title='bbox 871 1018 1009 1044; x_wconf 80' lang='lat' dir='ltr'>sanctae</span> <span class='ocrx_word' id='word_1_137' title='bbox 1038 1011 1102 1043; x_wconf 91' lang='lat' dir='ltr'>Ec-</span> 
     </span>
     <span class='ocr_line' id='line_1_23' title="bbox 121 1053 744 1094; baseline 0 -8"><span class='ocrx_word' id='word_1_138' title='bbox 121 1053 262 1094; x_wconf 87' lang='lat' dir='ltr'>clesiae,</span> <span class='ocrx_word' id='word_1_139' title='bbox 292 1054 450 1086; x_wconf 88' lang='lat' dir='ltr'>inuehcre</span> <span class='ocrx_word' id='word_1_140' title='bbox 479 1056 512 1086; x_wconf 91' lang='lat' dir='ltr'>in</span> <span class='ocrx_word' id='word_1_141' title='bbox 547 1054 744 1087; x_wconf 81' lang='lat' dir='ltr'>Ecclesiam.</span> 
     </span>
     <span class='ocr_line' id='line_1_24' title="bbox 121 1096 1100 1139; baseline -0.003 -9"><span class='ocrx_word' id='word_1_142' title='bbox 121 1097 231 1139; x_wconf 79' lang='lat' dir='ltr'>impijs</span> <span class='ocrx_word' id='word_1_143' title='bbox 265 1104 322 1130; x_wconf 84' lang='lat' dir='ltr'>aut</span> <span class='ocrx_word' id='word_1_144' title='bbox 356 1098 532 1129; x_wconf 82' lang='lat' dir='ltr'>sediciosis</span> <span class='ocrx_word' id='word_1_145' title='bbox 568 1098 776 1138; x_wconf 82' lang='lat' dir='ltr'>opinionibus</span> <span class='ocrx_word' id='word_1_146' title='bbox 810 1096 980 1134; x_wconf 86' lang='lat' dir='ltr'>volumus,</span> <span class='ocrx_word' id='word_1_147' title='bbox 1017 1105 1100 1137; x_wconf 85' lang='lat' dir='ltr'>quas</span> 
     </span>
     <span class='ocr_line' id='line_1_25' title="bbox 120 1138 1101 1172; baseline -0.002 -1"><span class='ocrx_word' id='word_1_148' title='bbox 120 1138 296 1172; x_wconf 86' lang='lat' dir='ltr'>Catholica</span> <span class='ocrx_word' id='word_1_149' title='bbox 320 1139 478 1172; x_wconf 80' lang='lat' dir='ltr'>Ecclesia</span> <span class='ocrx_word' id='word_1_150' title='bbox 509 1141 686 1172; x_wconf 86' lang='lat' dir='ltr'>damnauit.</span> <span class='ocrx_word' id='word_1_151' title='bbox 739 1140 814 1171; x_wconf 89' lang='lat' dir='ltr'>Non</span> <span class='ocrx_word' id='word_1_152' title='bbox 852 1139 937 1171; x_wconf 91' lang='lat' dir='ltr'>enim</span> <span class='ocrx_word' id='word_1_153' title='bbox 966 1139 1101 1170; x_wconf 88' lang='lat' dir='ltr'>adducti</span> 
     </span>
     <span class='ocr_line' id='line_1_26' title="bbox 121 1180 1100 1224; baseline -0.001 -11"><span class='ocrx_word' id='word_1_154' title='bbox 121 1192 227 1224; x_wconf 82' lang='lat' dir='ltr'>praua</span> <span class='ocrx_word' id='word_1_155' title='bbox 259 1183 453 1224; x_wconf 87' lang='lat' dir='ltr'>cupiditate,</span> <span class='ocrx_word' id='word_1_156' title='bbox 483 1183 544 1214; x_wconf 87' lang='lat' dir='ltr'>sed</span> <span class='ocrx_word' id='word_1_157' title='bbox 573 1184 682 1214; x_wconf 88' lang='lat' dir='ltr'>coacti</span> <span class='ocrx_word' id='word_1_158' title='bbox 711 1183 886 1214; x_wconf 76' lang='lat' dir='ltr'>autoritate</span> <span class='ocrx_word' id='word_1_159' title='bbox 914 1183 1007 1214; x_wconf 85' lang='lat' dir='ltr'>verbi</span> <span class='ocrx_word' id='word_1_160' title='bbox 1035 1180 1100 1212; x_wconf 87' lang='lat' dir='ltr'>Dei</span> 
     </span>
     <span class='ocr_line' id='line_1_27' title="bbox 119 1224 1100 1266; baseline -0.001 -10"><span class='ocrx_word' id='word_1_161' title='bbox 119 1230 151 1256; x_wconf 87' lang='lat' dir='ltr'>et</span> <span class='ocrx_word' id='word_1_162' title='bbox 175 1226 297 1257; x_wconf 88' lang='lat' dir='ltr'>veteris</span> <span class='ocrx_word' id='word_1_163' title='bbox 321 1225 514 1263; x_wconf 80' lang='lat' dir='ltr'>Ecclesiae,</span> <span class='ocrx_word' id='word_1_164' title='bbox 543 1224 688 1266; x_wconf 81' lang='lat' dir='ltr'>amplexi</span> <span class='ocrx_word' id='word_1_165' title='bbox 717 1235 831 1257; x_wconf 88' lang='lat' dir='ltr'>sumus</span> <span class='ocrx_word' id='word_1_166' title='bbox 860 1224 947 1256; x_wconf 88' lang='lat' dir='ltr'>hanc</span> <span class='ocrx_word' id='word_1_167' title='bbox 978 1225 1100 1256; x_wconf 89' lang='lat' dir='ltr'>doctri-</span> 
     </span>
     <span class='ocr_line' id='line_1_28' title="bbox 117 1267 1101 1309; baseline 0 -11"><span class='ocrx_word' id='word_1_168' title='bbox 117 1277 207 1306; x_wconf 87' lang='lat' dir='ltr'>nam,</span> <span class='ocrx_word' id='word_1_169' title='bbox 231 1274 265 1299; x_wconf 88' lang='lat' dir='ltr'>vt</span> <span class='ocrx_word' id='word_1_170' title='bbox 294 1267 402 1309; x_wconf 84' lang='lat' dir='ltr'>gloria</span> <span class='ocrx_word' id='word_1_171' title='bbox 420 1270 476 1306; x_wconf 85' lang='lat'>¹⁰¹)</span> <span class='ocrx_word' id='word_1_172' title='bbox 500 1267 564 1300; x_wconf 92' lang='lat' dir='ltr'>Dei</span> <span class='ocrx_word' id='word_1_173' title='bbox 587 1268 683 1300; x_wconf 88' lang='lat' dir='ltr'>fieret</span> <span class='ocrx_word' id='word_1_174' title='bbox 711 1267 890 1305; x_wconf 87' lang='lat' dir='ltr'>illustrior,</span> <span class='ocrx_word' id='word_1_175' title='bbox 917 1273 951 1299; x_wconf 88' lang='lat' dir='ltr'>et</span> <span class='ocrx_word' id='word_1_176' title='bbox 981 1277 1101 1299; x_wconf 90' lang='lat' dir='ltr'>consu-</span> 
     </span>
     <span class='ocr_line' id='line_1_29' title="bbox 118 1309 1101 1353; baseline -0.001 -12"><span class='ocrx_word' id='word_1_177' title='bbox 118 1309 244 1342; x_wconf 88' lang='lat' dir='ltr'>leretur</span> <span class='ocrx_word' id='word_1_178' title='bbox 267 1312 331 1353; x_wconf 87' lang='lat' dir='ltr'>pijs</span> <span class='ocrx_word' id='word_1_179' title='bbox 361 1312 524 1343; x_wconf 74' lang='lat' dir='ltr'>mentibus</span> <span class='ocrx_word' id='word_1_180' title='bbox 554 1312 587 1342; x_wconf 91' lang='lat' dir='ltr'>in</span> <span class='ocrx_word' id='word_1_181' title='bbox 617 1311 774 1342; x_wconf 83' lang='lat' dir='ltr'>vniuersa</span> <span class='ocrx_word' id='word_1_182' title='bbox 804 1310 970 1341; x_wconf 83' lang='lat' dir='ltr'>Ecclesia.</span> <span class='ocrx_word' id='word_1_183' title='bbox 1017 1309 1101 1341; x_wconf 89' lang='lat' dir='ltr'>Con-</span> 
     </span>
     <span class='ocr_line' id='line_1_30' title="bbox 117 1351 1101 1396; baseline -0.002 -11"><span class='ocrx_word' id='word_1_184' title='bbox 117 1360 186 1385; x_wconf 85' lang='lat' dir='ltr'>stat</span> <span class='ocrx_word' id='word_1_185' title='bbox 209 1354 294 1385; x_wconf 91' lang='lat' dir='ltr'>enim</span> <span class='ocrx_word' id='word_1_186' title='bbox 318 1353 499 1396; x_wconf 87' lang='lat' dir='ltr'>plerosque</span> <span class='ocrx_word' id='word_1_187' title='bbox 527 1354 653 1385; x_wconf 88' lang='lat' dir='ltr'>abusus</span> <span class='ocrx_word' id='word_1_188' title='bbox 682 1354 860 1394; x_wconf 90' lang='lat' dir='ltr'>irrepsisse</span> <span class='ocrx_word' id='word_1_189' title='bbox 890 1354 920 1384; x_wconf 94' lang='lat' dir='ltr'>in</span> <span class='ocrx_word' id='word_1_190' title='bbox 955 1351 1101 1385; x_wconf 85' lang='lat' dir='ltr'>Ecclesi-</span> 
     </span>
     <span class='ocr_line' id='line_1_31' title="bbox 117 1396 1101 1438; baseline -0.002 -10"><span class='ocrx_word' id='word_1_191' title='bbox 117 1406 189 1435; x_wconf 78' lang='lat' dir='ltr'>am,</span> <span class='ocrx_word' id='word_1_192' title='bbox 213 1396 269 1438; x_wconf 91' lang='lat' dir='ltr'>qui</span> <span class='ocrx_word' id='word_1_193' title='bbox 304 1397 533 1428; x_wconf 88' lang='lat' dir='ltr'>emendatione</span> <span class='ocrx_word' id='word_1_194' title='bbox 563 1406 647 1438; x_wconf 86' lang='lat' dir='ltr'>opus</span> <span class='ocrx_word' id='word_1_195' title='bbox 676 1396 812 1428; x_wconf 86' lang='lat' dir='ltr'>habeut.</span> <span class='ocrx_word' id='word_1_196' title='bbox 858 1396 899 1428; x_wconf 85' lang='lat' dir='ltr'>Et</span> <span class='ocrx_word' id='word_1_197' title='bbox 926 1407 998 1428; x_wconf 93' lang='lat' dir='ltr'>cum</span> <span class='ocrx_word' id='word_1_198' title='bbox 1028 1406 1101 1437; x_wconf 85' lang='lat' dir='ltr'>pro-</span> 
     </span>
     <span class='ocr_line' id='line_1_32' title="bbox 117 1438 1101 1481; baseline -0.002 -10"><span class='ocrx_word' id='word_1_199' title='bbox 117 1445 191 1481; x_wconf 85' lang='lat' dir='ltr'>pter</span> <span class='ocrx_word' id='word_1_200' title='bbox 214 1438 355 1481; x_wconf 80' lang='lat' dir='ltr'>gloriam</span> <span class='ocrx_word' id='word_1_201' title='bbox 378 1438 521 1478; x_wconf 83' lang='lat' dir='ltr'>Christi,</span> <span class='ocrx_word' id='word_1_202' title='bbox 548 1446 616 1471; x_wconf 89' lang='lat' dir='ltr'>tum</span> <span class='ocrx_word' id='word_1_203' title='bbox 633 1445 768 1481; x_wconf 87' lang='lat' dir='ltr'>propter</span> <span class='ocrx_word' id='word_1_204' title='bbox 792 1438 934 1471; x_wconf 86' lang='lat' dir='ltr'>salutem</span> <span class='ocrx_word' id='word_1_205' title='bbox 957 1440 1101 1470; x_wconf 87' lang='lat' dir='ltr'>omnium</span> 
     </span>
     <span class='ocr_line' id='line_1_33' title="bbox 119 1481 1101 1525; baseline -0.002 -11"><span class='ocrx_word' id='word_1_206' title='bbox 119 1482 265 1525; x_wconf 87' lang='lat' dir='ltr'>gentium</span> <span class='ocrx_word' id='word_1_207' title='bbox 285 1483 426 1514; x_wconf 73' lang='lat' dir='ltr'>maxime</span> <span class='ocrx_word' id='word_1_208' title='bbox 450 1489 613 1523; x_wconf 70' lang='lat' dir='ltr'>optamuS,</span> <span class='ocrx_word' id='word_1_209' title='bbox 631 1489 666 1514; x_wconf 84' lang='lat' dir='ltr'>vt</span> <span class='ocrx_word' id='word_1_210' title='bbox 689 1481 864 1524; x_wconf 80' lang='lat' dir='ltr'>diligenter</span> <span class='ocrx_word' id='word_1_211' title='bbox 887 1482 1030 1524; x_wconf 86' lang='lat' dir='ltr'>cognitis</span> <span class='ocrx_word' id='word_1_212' title='bbox 1049 1481 1101 1513; x_wconf 89' lang='lat' dir='ltr'>his</span> 
     </span>
     <span class='ocr_line' id='line_1_34' title="bbox 118 1525 1101 1568; baseline -0.002 -11"><span class='ocrx_word' id='word_1_213' title='bbox 118 1526 370 1564; x_wconf 87' lang='lat' dir='ltr'>controuersiis,</span> <span class='ocrx_word' id='word_1_214' title='bbox 383 1525 537 1558; x_wconf 86' lang='lat' dir='ltr'>Ecclesia</span> <span class='ocrx_word' id='word_1_215' title='bbox 548 1531 758 1568; x_wconf 81' lang='lat' dir='ltr'>repurgetur,</span> <span class='ocrx_word' id='word_1_216' title='bbox 771 1531 802 1557; x_wconf 93' lang='lat' dir='ltr'>et</span> <span class='ocrx_word' id='word_1_217' title='bbox 814 1526 858 1556; x_wconf 90' lang='lat' dir='ltr'>ab</span> <span class='ocrx_word' id='word_1_218' title='bbox 876 1525 918 1567; x_wconf 91' lang='lat' dir='ltr'>ijs</span> <span class='ocrx_word' id='word_1_219' title='bbox 937 1525 1101 1557; x_wconf 82' lang='lat' dir='ltr'>abusibus</span> 
     </span>
     <span class='ocr_line' id='line_1_35' title="bbox 117 1565 1099 1610; baseline 0.001 -11"><span class='ocrx_word' id='word_1_220' title='bbox 117 1565 294 1606; x_wconf 85' lang='lat' dir='ltr'>liberetur,</span> <span class='ocrx_word' id='word_1_221' title='bbox 318 1569 374 1610; x_wconf 89' lang='lat' dir='ltr'>qui</span> <span class='ocrx_word' id='word_1_222' title='bbox 402 1567 604 1600; x_wconf 86' lang='lat' dir='ltr'>dissimulari</span> <span class='ocrx_word' id='word_1_223' title='bbox 634 1578 700 1600; x_wconf 83' lang='lat' dir='ltr'>non</span> <span class='ocrx_word' id='word_1_224' title='bbox 735 1575 895 1609; x_wconf 84' lang='lat' dir='ltr'>possunt,</span> <span class='ocrx_word' id='word_1_225' title='bbox 930 1578 1027 1610; x_wconf 85' lang='lat' dir='ltr'>quam</span> <span class='ocrx_word' id='word_1_226' title='bbox 1057 1568 1099 1600; x_wconf 93' lang='lat' dir='ltr'>ob</span> 
     </span>
     <span class='ocr_line' id='line_1_36' title="bbox 118 1611 1099 1643; baseline 0 -1"><span class='ocrx_word' id='word_1_227' title='bbox 118 1620 254 1642; x_wconf 77' lang='lat' dir='ltr'>causam</span> <span class='ocrx_word' id='word_1_228' title='bbox 279 1611 335 1643; x_wconf 88' lang='lat' dir='ltr'>diu</span> <span class='ocrx_word' id='word_1_229' title='bbox 358 1611 421 1642; x_wconf 92' lang='lat' dir='ltr'>iam</span> <span class='ocrx_word' id='word_1_230' title='bbox 444 1621 561 1643; x_wconf 88' lang='lat' dir='ltr'>omnes</span> <span class='ocrx_word' id='word_1_231' title='bbox 586 1612 664 1642; x_wconf 88' lang='lat' dir='ltr'>boni</span> <span class='ocrx_word' id='word_1_232' title='bbox 686 1611 747 1642; x_wconf 75' lang='lat' dir='ltr'>viri</span> <span class='ocrx_word' id='word_1_233' title='bbox 770 1612 802 1642; x_wconf 94' lang='lat' dir='ltr'>in</span> <span class='ocrx_word' id='word_1_234' title='bbox 821 1611 973 1643; x_wconf 89' lang='lat' dir='ltr'>omnibus</span> <span class='ocrx_word' id='word_1_235' title='bbox 995 1611 1099 1642; x_wconf 88' lang='lat' dir='ltr'>natio-</span> 
     </span>
     <span class='ocr_line' id='line_1_37' title="bbox 119 1652 1098 1696; baseline 0 -11"><span class='ocrx_word' id='word_1_236' title='bbox 119 1653 218 1685; x_wconf 88' lang='lat' dir='ltr'>nibus</span> <span class='ocrx_word' id='word_1_237' title='bbox 253 1659 412 1695; x_wconf 84' lang='lat' dir='ltr'>expetunt</span> <span class='ocrx_word' id='word_1_238' title='bbox 436 1654 620 1696; x_wconf 74' lang='lat' dir='ltr'>Synodum,</span> <span class='ocrx_word' id='word_1_239' title='bbox 650 1654 742 1686; x_wconf 88' lang='lat' dir='ltr'>cuius</span> <span class='ocrx_word' id='word_1_240' title='bbox 761 1655 891 1696; x_wconf 88' lang='lat' dir='ltr'>quidem</span> <span class='ocrx_word' id='word_1_241' title='bbox 919 1664 1013 1696; x_wconf 89' lang='lat' dir='ltr'>spem</span> <span class='ocrx_word' id='word_1_242' title='bbox 1041 1652 1098 1685; x_wconf 88' lang='lat' dir='ltr'>ali-</span> 
     </span>
     <span class='ocr_line' id='line_1_38' title="bbox 117 1695 1097 1738; baseline 0.002 -11"><span class='ocrx_word' id='word_1_243' title='bbox 117 1706 216 1738; x_wconf 88' lang='lat' dir='ltr'>quam</span> <span class='ocrx_word' id='word_1_244' title='bbox 262 1695 464 1729; x_wconf 85' lang='lat' dir='ltr'>clementiss.</span> <span class='ocrx_word' id='word_1_245' title='bbox 510 1697 693 1738; x_wconf 84' lang='lat' dir='ltr'>Imperator</span> <span class='ocrx_word' id='word_1_246' title='bbox 743 1697 897 1728; x_wconf 91' lang='lat' dir='ltr'>omnibus</span> <span class='ocrx_word' id='word_1_247' title='bbox 943 1697 1097 1738; x_wconf 82' lang='lat' dir='ltr'>gentibus</span> 
     </span>
     <span class='ocr_line' id='line_1_39' title="bbox 117 1739 1098 1783; baseline 0 -12"><span class='ocrx_word' id='word_1_248' title='bbox 117 1739 273 1771; x_wconf 84' lang='lat' dir='ltr'>ostendit.</span> <span class='ocrx_word' id='word_1_249' title='bbox 310 1739 423 1771; x_wconf 86' lang='lat' dir='ltr'>Faciet</span> <span class='ocrx_word' id='word_1_250' title='bbox 446 1740 547 1782; x_wconf 87' lang='lat' dir='ltr'>igitur</span> <span class='ocrx_word' id='word_1_251' title='bbox 570 1740 751 1780; x_wconf 91' lang='lat' dir='ltr'>Imperator</span> <span class='ocrx_word' id='word_1_252' title='bbox 775 1750 844 1771; x_wconf 89' lang='lat' dir='ltr'>rem</span> <span class='ocrx_word' id='word_1_253' title='bbox 872 1740 1098 1783; x_wconf 80' lang='lat' dir='ltr'>dignissimam</span> 
     </span>
     <span class='ocr_line' id='line_1_40' title="bbox 117 1781 1098 1825; baseline 0.001 -12"><span class='ocrx_word' id='word_1_254' title='bbox 117 1791 179 1813; x_wconf 88' lang='lat' dir='ltr'>sua</span> <span class='ocrx_word' id='word_1_255' title='bbox 201 1783 429 1824; x_wconf 78' lang='lat' dir='ltr'>magnitudine</span> <span class='ocrx_word' id='word_1_256' title='bbox 460 1790 491 1814; x_wconf 88' lang='lat' dir='ltr'>et</span> <span class='ocrx_word' id='word_1_257' title='bbox 522 1781 717 1820; x_wconf 65' lang='lat' dir='ltr'>foe-licitam,</span> <span class='ocrx_word' id='word_1_258' title='bbox 751 1790 782 1814; x_wconf 89' lang='lat' dir='ltr'>et</span> <span class='ocrx_word' id='word_1_259' title='bbox 812 1790 999 1825; x_wconf 78' lang='lat' dir='ltr'>exoptatam</span> <span class='ocrx_word' id='word_1_260' title='bbox 1029 1784 1098 1814; x_wconf 84' lang='lat' dir='ltr'>vni-</span> 
     </span>
     <span class='ocr_line' id='line_1_41' title="bbox 116 1824 1097 1868; baseline 0 -11"><span class='ocrx_word' id='word_1_261' title='bbox 116 1834 237 1857; x_wconf 86' lang='lat' dir='ltr'>uersae</span> <span class='ocrx_word' id='word_1_262' title='bbox 259 1824 445 1867; x_wconf 79' lang='lat' dir='ltr'>Ecclesiae,</span> <span class='ocrx_word' id='word_1_263' title='bbox 469 1826 497 1857; x_wconf 88' lang='lat' dir='ltr'>si</span> <span class='ocrx_word' id='word_1_264' title='bbox 520 1827 552 1857; x_wconf 90' lang='lat' dir='ltr'>in</span> <span class='ocrx_word' id='word_1_265' title='bbox 576 1826 716 1868; x_wconf 64' lang='lat' dir='ltr'>Synodo</span> <span class='ocrx_word' id='word_1_266' title='bbox 739 1827 925 1867; x_wconf 81' lang='lat' dir='ltr'>permiserit</span> <span class='ocrx_word' id='word_1_267' title='bbox 945 1827 1097 1858; x_wconf 89' lang='lat' dir='ltr'>iudicium</span> 
     </span>
     <span class='ocr_line' id='line_1_42' title="bbox 117 1867 1098 1911; baseline 0.001 -12"><span class='ocrx_word' id='word_1_268' title='bbox 117 1867 158 1900; x_wconf 88' lang='lat' dir='ltr'>de</span> <span class='ocrx_word' id='word_1_269' title='bbox 181 1869 281 1899; x_wconf 90' lang='lat' dir='ltr'>tantis</span> <span class='ocrx_word' id='word_1_270' title='bbox 305 1870 420 1907; x_wconf 85' lang='lat' dir='ltr'>rebus,</span> <span class='ocrx_word' id='word_1_271' title='bbox 444 1879 509 1900; x_wconf 89' lang='lat' dir='ltr'>non</span> <span class='ocrx_word' id='word_1_272' title='bbox 534 1867 599 1900; x_wconf 92' lang='lat' dir='ltr'>illis</span> <span class='ocrx_word' id='word_1_273' title='bbox 623 1869 678 1911; x_wconf 91' lang='lat' dir='ltr'>qui</span> <span class='ocrx_word' id='word_1_274' title='bbox 710 1870 859 1911; x_wconf 84' lang='lat' dir='ltr'>priuatos</span> <span class='ocrx_word' id='word_1_275' title='bbox 890 1868 1042 1901; x_wconf 81' lang='lat' dir='ltr'>adfectus</span> <span class='ocrx_word' id='word_1_276' title='bbox 1065 1869 1098 1900; x_wconf 88' lang='lat' dir='ltr'>in</span> 
     </span>
     <span class='ocr_line' id='line_1_43' title="bbox 118 1909 1098 1954; baseline 0.001 -12"><span class='ocrx_word' id='word_1_277' title='bbox 118 1909 292 1942; x_wconf 88' lang='lat' dir='ltr'>consilium</span> <span class='ocrx_word' id='word_1_278' title='bbox 316 1911 486 1950; x_wconf 84' lang='lat' dir='ltr'>adhibent,</span> <span class='ocrx_word' id='word_1_279' title='bbox 510 1913 572 1943; x_wconf 89' lang='lat' dir='ltr'>sed</span> <span class='ocrx_word' id='word_1_280' title='bbox 596 1912 735 1944; x_wconf 82' lang='lat' dir='ltr'>delectis</span> <span class='ocrx_word' id='word_1_281' title='bbox 765 1912 828 1954; x_wconf 87' lang='lat' dir='ltr'>pijs</span> <span class='ocrx_word' id='word_1_282' title='bbox 853 1918 885 1944; x_wconf 91' lang='lat' dir='ltr'>et</span> <span class='ocrx_word' id='word_1_283' title='bbox 916 1913 1023 1943; x_wconf 87' lang='lat' dir='ltr'>doctis</span> <span class='ocrx_word' id='word_1_284' title='bbox 1052 1913 1098 1943; x_wconf 80' lang='lat' dir='ltr'>vi-</span> 
     </span>
     <span class='ocr_line' id='line_1_44' title="bbox 116 1953 1097 1997; baseline 0.002 -12"><span class='ocrx_word' id='word_1_285' title='bbox 116 1954 175 1992; x_wconf 79' lang='lat' dir='ltr'>ris,</span> <span class='ocrx_word' id='word_1_286' title='bbox 199 1955 254 1996; x_wconf 91' lang='lat' dir='ltr'>qui</span> <span class='ocrx_word' id='word_1_287' title='bbox 277 1953 405 1997; x_wconf 87' lang='lat' dir='ltr'>gloriae</span> <span class='ocrx_word' id='word_1_288' title='bbox 425 1954 560 1995; x_wconf 88' lang='lat' dir='ltr'>Christi,</span> <span class='ocrx_word' id='word_1_289' title='bbox 583 1962 615 1987; x_wconf 92' lang='lat' dir='ltr'>et</span> <span class='ocrx_word' id='word_1_290' title='bbox 644 1954 743 1987; x_wconf 86' lang='lat' dir='ltr'>saluti</span> <span class='ocrx_word' id='word_1_291' title='bbox 776 1956 952 1987; x_wconf 80' lang='lat' dir='ltr'>vniuersac</span> <span class='ocrx_word' id='word_1_292' title='bbox 982 1954 1097 1987; x_wconf 87' lang='lat' dir='ltr'>Eccle-</span> 
     </span>
     <span class='ocr_line' id='line_1_45' title="bbox 116 1996 1098 2041; baseline 0.003 -14"><span class='ocrx_word' id='word_1_293' title='bbox 116 1997 187 2028; x_wconf 87' lang='lat' dir='ltr'>siae</span> <span class='ocrx_word' id='word_1_294' title='bbox 210 1996 390 2029; x_wconf 80' lang='lat' dir='ltr'>consulere</span> <span class='ocrx_word' id='word_1_295' title='bbox 414 1998 556 2040; x_wconf 79' lang='lat' dir='ltr'>cupiant.</span> <span class='ocrx_word' id='word_1_296' title='bbox 603 1998 695 2031; x_wconf 85' lang='lat' dir='ltr'>Haec</span> <span class='ocrx_word' id='word_1_297' title='bbox 725 2004 775 2030; x_wconf 89' lang='lat' dir='ltr'>est</span> <span class='ocrx_word' id='word_1_298' title='bbox 804 1999 926 2030; x_wconf 81' lang='lat' dir='ltr'>vsitata</span> <span class='ocrx_word' id='word_1_299' title='bbox 955 2006 987 2030; x_wconf 90' lang='lat' dir='ltr'>et</span> <span class='ocrx_word' id='word_1_300' title='bbox 1017 1997 1098 2041; x_wconf 89' lang='lat' dir='ltr'>legi-</span> 
     </span>
     <span class='ocr_line' id='line_1_46' title="bbox 116 2039 1100 2080; baseline 0.004 -10"><span class='ocrx_word' id='word_1_301' title='bbox 116 2039 194 2071; x_wconf 86' lang='lat' dir='ltr'>tima</span> <span class='ocrx_word' id='word_1_302' title='bbox 217 2041 270 2072; x_wconf 79' lang='lat' dir='ltr'>via</span> <span class='ocrx_word' id='word_1_303' title='bbox 293 2041 326 2072; x_wconf 91' lang='lat' dir='ltr'>in</span> <span class='ocrx_word' id='word_1_304' title='bbox 349 2040 515 2080; x_wconf 84' lang='lat' dir='ltr'>Ecclesia,</span> <span class='ocrx_word' id='word_1_305' title='bbox 538 2042 709 2074; x_wconf 86' lang='lat' dir='ltr'>dirimendi</span> <span class='ocrx_word' id='word_1_306' title='bbox 734 2042 981 2080; x_wconf 83' lang='lat' dir='ltr'>dissensiones,</span> <span class='ocrx_word' id='word_1_307' title='bbox 1010 2042 1100 2074; x_wconf 71' lang='lat' dir='ltr'>vide-</span> 
     </span>
     <span class='ocr_line' id='line_1_47' title="bbox 116 2080 1098 2126; baseline 0.002 -12"><span class='ocrx_word' id='word_1_308' title='bbox 116 2080 194 2114; x_wconf 89' lang='lat' dir='ltr'>licet</span> <span class='ocrx_word' id='word_1_309' title='bbox 206 2083 249 2115; x_wconf 86' lang='lat' dir='ltr'>ad</span> <span class='ocrx_word' id='word_1_310' title='bbox 257 2083 412 2126; x_wconf 89' lang='lat' dir='ltr'>Synodos</span> <span class='ocrx_word' id='word_1_311' title='bbox 426 2084 552 2118; x_wconf 83' lang='lat' dir='ltr'>referre</span> <span class='ocrx_word' id='word_1_312' title='bbox 564 2086 814 2119; x_wconf 78' lang='lat' dir='ltr'>controuersias</span> <span class='ocrx_word' id='word_1_313' title='bbox 826 2084 1098 2118; x_wconf 85' lang='lat' dir='ltr'>Ecclesiasticas.</span> 
     </span>
    </p>
   </div>
   <div class='ocr_carea' id='block_1_4' title="bbox 116 2151 324 2159">
    <p class='ocr_par' dir='ltr' id='par_1_5' title="bbox 116 2151 324 2159">
     <span class='ocr_line' id='line_1_48' title="bbox 116 2151 324 2159; baseline 0 785"><span class='ocrx_word' id='word_1_314' title='bbox 116 2151 324 2159; x_wconf 95' lang='lat' dir='ltr'> </span> 
     </span>
    </p>
   </div>
   <div class='ocr_carea' id='block_1_5' title="bbox 178 2195 1097 2508">
    <p class='ocr_par' dir='ltr' id='par_1_6' title="bbox 178 2195 1097 2508">
     <span class='ocr_line' id='line_1_49' title="bbox 184 2195 1097 2231; baseline 0.001 -11"><span class='ocrx_word' id='word_1_315' title='bbox 184 2196 234 2221; x_wconf 69' lang='lat' dir='ltr'>rite</span> <span class='ocrx_word' id='word_1_316' title='bbox 253 2195 445 2221; x_wconf 69' lang='lat' dir='ltr'>concelebranda</span> <span class='ocrx_word' id='word_1_317' title='bbox 464 2196 552 2228; x_wconf 64' lang='lat' dir='ltr'>(Halia</span> <span class='ocrx_word' id='word_1_318' title='bbox 571 2198 646 2224; x_wconf 79' lang='lat'>1830.</span> <span class='ocrx_word' id='word_1_319' title='bbox 660 2199 695 2224; x_wconf 86' lang='lat'>24</span> <span class='ocrx_word' id='word_1_320' title='bbox 710 2206 789 2231; x_wconf 75' lang='lat' dir='ltr'>payy.</span> <span class='ocrx_word' id='word_1_321' title='bbox 808 2198 861 2230; x_wconf 73' lang='lat'>4⁰).</span> <span class='ocrx_word' id='word_1_322' title='bbox 880 2198 906 2222; x_wconf 75' lang='lat' dir='ltr'>in</span> <span class='ocrx_word' id='word_1_323' title='bbox 926 2205 972 2231; x_wconf 74' lang='lat' dir='ltr'>quo</span> <span class='ocrx_word' id='word_1_324' title='bbox 991 2198 1097 2223; x_wconf 77' lang='lat' dir='ltr'>contine-</span> 
     </span>
     <span class='ocr_line' id='line_1_50' title="bbox 183 2229 1097 2264; baseline 0.005 -10"><span class='ocrx_word' id='word_1_325' title='bbox 183 2233 226 2254; x_wconf 78' lang='lat' dir='ltr'>tur</span> <span class='ocrx_word' id='word_1_326' title='bbox 245 2229 412 2262; x_wconf 60' lang='lat' dir='ltr'>Consesn&#39;om&#39;s</span> <span class='ocrx_word' id='word_1_327' title='bbox 430 2232 592 2264; x_wconf 67' lang='lat' dir='ltr'>Auyustanae</span> <span class='ocrx_word' id='word_1_328' title='bbox 610 2241 672 2257; x_wconf 75' lang='lat' dir='ltr'>anno</span> <span class='ocrx_word' id='word_1_329' title='bbox 699 2235 775 2260; x_wconf 75' lang='lat'>1540.</span> <span class='ocrx_word' id='word_1_330' title='bbox 801 2241 817 2257; x_wconf 81' lang='grc' dir='ltr'>(ι</span> <span class='ocrx_word' id='word_1_331' title='bbox 836 2232 991 2258; x_wconf 64' lang='lat' dir='ltr'>Melanthum</span> <span class='ocrx_word' id='word_1_332' title='bbox 1016 2233 1097 2259; x_wconf 70' lang='lat' dir='ltr'>editae</span> 
     </span>
     <span class='ocr_line' id='line_1_51' title="bbox 183 2263 1096 2299; baseline 0.001 -9"><span class='ocrx_word' id='word_1_333' title='bbox 183 2263 254 2290; x_wconf 72' lang='lat' dir='ltr'>Par·</span> <span class='ocrx_word' id='word_1_334' title='bbox 271 2265 291 2289; x_wconf 92' lang='lat'>1.</span> <span class='ocrx_word' id='word_1_335' title='bbox 312 2266 381 2297; x_wconf 53' lang='lat' dir='ltr'>(tide</span> <span class='ocrx_word' id='word_1_336' title='bbox 399 2265 435 2291; x_wconf 64' lang='lat' dir='ltr'>ibt·</span> <span class='ocrx_word' id='word_1_337' title='bbox 449 2275 510 2298; x_wconf 77' lang='lat' dir='ltr'>paq.</span> <span class='ocrx_word' id='word_1_338' title='bbox 528 2268 595 2299; x_wconf 62' lang='lat'>22),</span> <span class='ocrx_word' id='word_1_339' title='bbox 615 2267 736 2294; x_wconf 79' lang='lat' dir='ltr'>Christ.</span> <span class='ocrx_word' id='word_1_340' title='bbox 756 2267 840 2293; x_wconf 90' lang='lat' dir='ltr'>Guil.</span> <span class='ocrx_word' id='word_1_341' title='bbox 858 2267 1000 2299; x_wconf 87' lang='lat' dir='ltr'>Spieker</span> <span class='ocrx_word' id='word_1_342' title='bbox 1019 2276 1045 2292; x_wconf 83' lang='lat' dir='ltr'>m</span> <span class='ocrx_word' id='word_1_343' title='bbox 1063 2268 1096 2291; x_wconf 90' lang='lat' dir='ltr'>l.:</span> 
     </span>
     <span class='ocr_line' id='line_1_52' title="bbox 186 2297 1096 2334; baseline 0.002 -11"><span class='ocrx_word' id='word_1_344' title='bbox 186 2297 313 2332; x_wconf 69' lang='lat' dir='ltr'>Confessio</span> <span class='ocrx_word' id='word_1_345' title='bbox 331 2300 389 2328; x_wconf 67' lang='lat' dir='ltr'>fidei</span> <span class='ocrx_word' id='word_1_346' title='bbox 406 2300 517 2325; x_wconf 60' lang='lat' dir='ltr'>exhibita</span> <span class='ocrx_word' id='word_1_347' title='bbox 535 2301 683 2334; x_wconf 70' lang='lat' dir='ltr'>Imperatori*</span> <span class='ocrx_word' id='word_1_348' title='bbox 703 2302 793 2328; x_wconf 82' lang='lat' dir='ltr'>carolo</span> <span class='ocrx_word' id='word_1_349' title='bbox 818 2302 841 2327; x_wconf 89' lang='lat' dir='ltr'><em>V</em></span> <span class='ocrx_word' id='word_1_350' title='bbox 862 2303 887 2326; x_wconf 69' lang='lat' dir='ltr'>t‘n</span> <span class='ocrx_word' id='word_1_351' title='bbox 915 2302 1027 2326; x_wconf 76' lang='lat' dir='ltr'>Comt&#39;tii&#39;s</span> <span class='ocrx_word' id='word_1_352' title='bbox 1045 2303 1096 2325; x_wconf 76' lang='lat' dir='ltr'>Au·</span> 
     </span>
     <span class='ocr_line' id='line_1_53' title="bbox 183 2335 1096 2370; baseline 0.002 -12"><span class='ocrx_word' id='word_1_353' title='bbox 183 2338 272 2367; x_wconf 66' lang='lat' dir='ltr'>querat</span> <span class='ocrx_word' id='word_1_354' title='bbox 291 2336 367 2365; x_wconf 81' lang='grc'>1530,</span> <span class='ocrx_word' id='word_1_355' title='bbox 387 2335 528 2367; x_wconf 64' lang='lat' dir='ltr'>Consultatio</span> <span class='ocrx_word' id='word_1_356' title='bbox 546 2336 686 2367; x_wconf 72' lang='lat' dir='ltr'>Pontificio,</span> <span class='ocrx_word' id='word_1_357' title='bbox 705 2337 829 2370; x_wconf 71' lang='lat' dir='ltr'>Apoloyia</span> <span class='ocrx_word' id='word_1_358' title='bbox 849 2340 871 2362; x_wconf 72' lang='lat' dir='ltr'>et</span> <span class='ocrx_word' id='word_1_359' title='bbox 889 2336 1012 2370; x_wconf 72' lang='lat' dir='ltr'>Repetitio</span> <span class='ocrx_word' id='word_1_360' title='bbox 1035 2337 1096 2361; x_wconf 81' lang='lat' dir='ltr'>Con-</span> 
     </span>
     <span class='ocr_line' id='line_1_54' title="bbox 178 2369 1094 2404; baseline 0.003 -11"><span class='ocrx_word' id='word_1_361' title='bbox 178 2369 309 2401; x_wconf 67' lang='lat' dir='ltr'>fessiom&#39;s,</span> <span class='ocrx_word' id='word_1_362' title='bbox 329 2369 406 2393; x_wconf 64' lang='lat' dir='ltr'>Ratio</span> <span class='ocrx_word' id='word_1_363' title='bbox 418 2369 482 2401; x_wconf 68' lang='lat' dir='ltr'>fidei</span> <span class='ocrx_word' id='word_1_364' title='bbox 499 2370 589 2395; x_wconf 75' lang='lat' dir='ltr'>Huldr.</span> <span class='ocrx_word' id='word_1_365' title='bbox 609 2370 731 2404; x_wconf 74' lang='lat' dir='ltr'>Zwinqlii</span> <span class='ocrx_word' id='word_1_366' title='bbox 749 2375 771 2397; x_wconf 77' lang='lat' dir='ltr'>et</span> <span class='ocrx_word' id='word_1_367' title='bbox 794 2371 986 2404; x_wconf 67' lang='lat' dir='ltr'>Tetrapolieana.</span> <span class='ocrx_word' id='word_1_368' title='bbox 1024 2371 1054 2396; x_wconf 82' lang='lat' dir='ltr'>P.</span> <span class='ocrx_word' id='word_1_369' title='bbox 1073 2372 1094 2396; x_wconf 87' lang='grc' dir='ltr'>Ι.</span> 
     </span>
     <span class='ocr_line' id='line_1_55' title="bbox 185 2403 1093 2438; baseline 0.003 -11"><span class='ocrx_word' id='word_1_370' title='bbox 185 2403 320 2434; x_wconf 71' lang='lat' dir='ltr'>(Beroln&#39;m‘,</span> <span class='ocrx_word' id='word_1_371' title='bbox 334 2403 435 2429; x_wconf 67' lang='lat' dir='ltr'>Pomm</span> <span class='ocrx_word' id='word_1_372' title='bbox 454 2408 476 2430; x_wconf 70' lang='lat' dir='ltr'><strong><em>d</em></strong></span> <span class='ocrx_word' id='word_1_373' title='bbox 494 2404 663 2438; x_wconf 72' lang='lat' dir='ltr'>Bromberqae</span> <span class='ocrx_word' id='word_1_374' title='bbox 681 2407 757 2433; x_wconf 82' lang='lat'>1830.</span> <span class='ocrx_word' id='word_1_375' title='bbox 775 2406 891 2431; x_wconf 81' lang='lat' dir='ltr'>XLVIII</span> <span class='ocrx_word' id='word_1_376' title='bbox 909 2410 931 2431; x_wconf 77' lang='lat' dir='ltr'>et</span> <span class='ocrx_word' id='word_1_377' title='bbox 950 2407 1001 2432; x_wconf 73' lang='lat'>584</span> <span class='ocrx_word' id='word_1_378' title='bbox 1015 2414 1093 2438; x_wconf 75' lang='lat' dir='ltr'>paqq.</span> 
     </span>
     <span class='ocr_line' id='line_1_56' title="bbox 184 2437 1095 2472; baseline 0.002 -8"><span class='ocrx_word' id='word_1_379' title='bbox 184 2437 238 2469; x_wconf 84' lang='lat'>8⁰.)</span> <span class='ocrx_word' id='word_1_380' title='bbox 254 2446 280 2470; x_wconf 81' lang='lat' dir='ltr'>p.</span> <span class='ocrx_word' id='word_1_381' title='bbox 306 2439 380 2469; x_wconf 87' lang='lat'>120.,</span> <span class='ocrx_word' id='word_1_382' title='bbox 407 2438 478 2463; x_wconf 85' lang='lat' dir='ltr'>Car.</span> <span class='ocrx_word' id='word_1_383' title='bbox 502 2440 581 2472; x_wconf 77' lang='lat' dir='ltr'>Aug.</span> <span class='ocrx_word' id='word_1_384' title='bbox 604 2441 690 2465; x_wconf 79' lang='lat' dir='ltr'>Hase</span> <span class='ocrx_word' id='word_1_385' title='bbox 713 2442 740 2465; x_wconf 75' lang='lat' dir='ltr'>in</span> <span class='ocrx_word' id='word_1_386' title='bbox 761 2441 778 2466; x_wconf 77' lang='grc' dir='ltr'>ἱ.</span> <span class='ocrx_word' id='word_1_387' title='bbox 802 2440 876 2466; x_wconf 66' lang='lat' dir='ltr'>Libri</span> <span class='ocrx_word' id='word_1_388' title='bbox 900 2440 1027 2472; x_wconf 73' lang='lat' dir='ltr'>symbolicn&#39;</span> <span class='ocrx_word' id='word_1_389' title='bbox 1046 2440 1095 2466; x_wconf 85' lang='lat' dir='ltr'>Ec-</span> 
     </span>
     <span class='ocr_line' id='line_1_57' title="bbox 184 2472 1094 2508; baseline 0.007 -11"><span class='ocrx_word' id='word_1_390' title='bbox 184 2472 277 2497; x_wconf 71' lang='lat' dir='ltr'>clesiae</span> <span class='ocrx_word' id='word_1_391' title='bbox 305 2474 461 2505; x_wconf 74' lang='lat' dir='ltr'>evanqeln&#39;cae</span> <span class='ocrx_word' id='word_1_392' title='bbox 491 2475 543 2499; x_wconf 71' lang='lat' dir='ltr'>eive</span> <span class='ocrx_word' id='word_1_393' title='bbox 575 2474 722 2501; x_wconf 73' lang='lat' dir='ltr'>concordia.</span> <span class='ocrx_word' id='word_1_394' title='bbox 753 2475 804 2501; x_wconf 83' lang='lat' dir='ltr'>Ed.</span> <span class='ocrx_word' id='word_1_395' title='bbox 823 2477 848 2502; x_wconf 88' lang='lat'>3.</span> <span class='ocrx_word' id='word_1_396' title='bbox 876 2474 995 2508; x_wconf 65' lang='lat' dir='ltr'>(Lipsiae</span> <span class='ocrx_word' id='word_1_397' title='bbox 1019 2476 1094 2503; x_wconf 78' lang='lat'>1846.</span> 
     </span>
    </p>
   </div>
   <div class='ocr_carea' id='block_1_6' title="bbox 183 2505 1097 2567">
    <p class='ocr_par' dir='ltr' id='par_1_7' title="bbox 183 2505 1097 2567">
     <span class='ocr_line' id='line_1_58' title="bbox 183 2505 1097 2567; baseline -0.034 -1"><span class='ocrx_word' id='word_1_398' title='bbox 183 2505 404 2567; x_wconf 49' lang='lat' dir='ltr'>{Jafflvmztrtliffz</span> <span class='ocrx_word' id='word_1_399' title='bbox 418 2516 497 2541; x_wconf 59' lang='lat' dir='ltr'>qu&#39;</span> <span class='ocrx_word' id='word_1_400' title='bbox 515 2509 568 2542; x_wconf 58' lang='grc' dir='ltr'><strong>δυ’)</strong></span> <span class='ocrx_word' id='word_1_401' title='bbox 587 2518 615 2543; x_wconf 60' lang='grc' dir='ltr'>μ’</span> <span class='ocrx_word' id='word_1_402' title='bbox 634 2509 742 2541; x_wconf 73' lang='lat' dir='ltr'>XXV.,·</span> <span class='ocrx_word' id='word_1_403' title='bbox 763 2509 814 2536; x_wconf 68' lang='lat' dir='ltr'>Ed·</span> <span class='ocrx_word' id='word_1_404' title='bbox 840 2511 865 2538; x_wconf 82' lang='lat'>3·</span> <span class='ocrx_word' id='word_1_405' title='bbox 889 2514 987 2543; x_wconf 64' lang='lat' dir='ltr'>‘HPWV-</span> <span class='ocrx_word' id='word_1_406' title='bbox 1011 2518 1097 2536; x_wconf 68' lang='lat' dir='ltr'>errore</span> 
     </span>
    </p>
   </div>
   <div class='ocr_carea' id='block_1_7' title="bbox 116 2582 843 2622">
    <p class='ocr_par' dir='ltr' id='par_1_8' title="bbox 116 2582 843 2622">
     <span class='ocr_line' id='line_1_59' title="bbox 116 2582 843 2622; baseline 0.007 -12"><span class='ocrx_word' id='word_1_407' title='bbox 116 2582 181 2616; x_wconf 85' lang='lat'><strong>101)</strong></span> <span class='ocrx_word' id='word_1_408' title='bbox 198 2587 226 2609; x_wconf 76' lang='lat' dir='ltr'>vt</span> <span class='ocrx_word' id='word_1_409' title='bbox 242 2583 339 2619; x_wconf 67' lang='lat' dir='ltr'>glori-1</span> <span class='ocrx_word' id='word_1_410' title='bbox 359 2586 396 2612; x_wconf 72' lang='lat' dir='ltr'>nie</span> <span class='ocrx_word' id='word_1_411' title='bbox 412 2585 463 2612; x_wconf 81' lang='lat' dir='ltr'>Ed.</span> <span class='ocrx_word' id='word_1_412' title='bbox 480 2586 522 2618; x_wconf 79' lang='lat'>8.;</span> <span class='ocrx_word' id='word_1_413' title='bbox 539 2586 590 2613; x_wconf 71' lang='lat' dir='ltr'>Ed.</span> <span class='ocrx_word' id='word_1_414' title='bbox 607 2586 648 2616; x_wconf 50' lang='grc' dir='ltr'>ιε</span> <span class='ocrx_word' id='word_1_415' title='bbox 667 2592 696 2614; x_wconf 81' lang='lat' dir='ltr'>ut</span> <span class='ocrx_word' id='word_1_416' title='bbox 713 2592 740 2616; x_wconf 69' lang='grc' dir='ltr'>οι</span> <span class='ocrx_word' id='word_1_417' title='bbox 755 2588 843 2622; x_wconf 69' lang='lat' dir='ltr'>glori·</span> 
     </span>
    </p>
   </div>
   <div class='ocr_carea' id='block_1_8' title="bbox 787 106 1554 157">
    <p class='ocr_par' dir='ltr' id='par_1_9' title="bbox 787 106 1554 157">
     <span class='ocr_line' id='line_1_60' title="bbox 787 106 1554 157; baseline 0.001 -18"><span class='ocrx_word' id='word_1_418' title='bbox 787 107 828 140; x_wconf 89' lang='lat' dir='ltr'>B.</span> <span class='ocrx_word' id='word_1_419' title='bbox 874 107 1119 141; x_wconf 86' lang='lat' dir='ltr'>CONFESSIO</span> <span class='ocrx_word' id='word_1_420' title='bbox 1142 106 1421 157; x_wconf 57' lang='lat' dir='ltr'>AUGUSTANA</span> <span class='ocrx_word' id='word_1_421' title='bbox 1445 106 1554 140; x_wconf 85' lang='lat' dir='ltr'>IPSA.</span> 
     </span>
    </p>
   </div>
   <div class='ocr_carea' id='block_1_9' title="bbox 795 1054 1127 1096">
    <p class='ocr_par' dir='ltr' id='par_1_10' title="bbox 795 1054 1127 1096">
     <span class='ocr_line' id='line_1_61' title="bbox 795 1054 1127 1096; baseline -0.009 -10"><span class='ocrx_word' id='word_1_422' title='bbox 795 1055 867 1086; x_wconf 86' lang='lat' dir='ltr'>Nec</span> <span class='ocrx_word' id='word_1_423' title='bbox 901 1054 1101 1096; x_wconf 79' lang='lat' dir='ltr'>patrocinari</span> <span class='ocrx_word' id='word_1_424' title='bbox 1123 1069 1127 1093; x_wconf 63' lang='lat'>2</span> 
     </span>
    </p>
   </div>
   <div class='ocr_carea' id='block_1_10' title="bbox 2067 107 2132 140">
    <p class='ocr_par' dir='ltr' id='par_1_11' title="bbox 2067 107 2132 140">
     <span class='ocr_line' id='line_1_62' title="bbox 2067 107 2132 140; baseline 0 0"><span class='ocrx_word' id='word_1_425' title='bbox 2067 107 2132 140; x_wconf 88' lang='grc'>374</span> 
     </span>
    </p>
   </div>
   <div class='ocr_carea' id='block_1_11' title="bbox 1121 199 2132 2515">
    <p class='ocr_par' dir='ltr' id='par_1_12' title="bbox 1148 199 2132 713">
     <span class='ocr_line' id='line_1_63' title="bbox 1239 199 2129 243; baseline 0.003 -11"><span class='ocrx_word' id='word_1_426' title='bbox 1239 200 1336 233; x_wconf 86' lang='lat' dir='ltr'>Hunc</span> <span class='ocrx_word' id='word_1_427' title='bbox 1359 210 1483 232; x_wconf 89' lang='lat' dir='ltr'>morem</span> <span class='ocrx_word' id='word_1_428' title='bbox 1506 201 1656 232; x_wconf 88' lang='lat' dir='ltr'>seruauit</span> <span class='ocrx_word' id='word_1_429' title='bbox 1678 199 1831 232; x_wconf 87' lang='lat' dir='ltr'>Ecclesia</span> <span class='ocrx_word' id='word_1_430' title='bbox 1853 202 1929 233; x_wconf 79' lang='lat' dir='ltr'>inde</span> <span class='ocrx_word' id='word_1_431' title='bbox 1960 213 2064 243; x_wconf 79' lang='lat' dir='ltr'>vsque</span> <span class='ocrx_word' id='word_1_432' title='bbox 2086 204 2129 235; x_wconf 83' lang='lat' dir='ltr'>ab</span> 
     </span>
     <span class='ocr_line' id='line_1_64' title="bbox 1151 242 2130 285; baseline 0.001 -10"><span class='ocrx_word' id='word_1_433' title='bbox 1151 242 1337 285; x_wconf 85' lang='lat' dir='ltr'>Apostolis.</span> <span class='ocrx_word' id='word_1_434' title='bbox 1382 243 1424 274; x_wconf 91' lang='lat' dir='ltr'>Et</span> <span class='ocrx_word' id='word_1_435' title='bbox 1446 244 1700 284; x_wconf 85' lang='lat' dir='ltr'>prestantissimi</span> <span class='ocrx_word' id='word_1_436' title='bbox 1723 244 1943 285; x_wconf 84' lang='lat' dir='ltr'>Imperatores</span> <span class='ocrx_word' id='word_1_437' title='bbox 1968 244 2130 277; x_wconf 81' lang='lat' dir='ltr'>Constan-</span> 
     </span>
     <span class='ocr_line' id='line_1_65' title="bbox 1151 284 2130 325; baseline 0.002 -7"><span class='ocrx_word' id='word_1_438' title='bbox 1151 287 1239 318; x_wconf 90' lang='lat' dir='ltr'>tinus</span> <span class='ocrx_word' id='word_1_439' title='bbox 1263 297 1304 318; x_wconf 90' lang='lat' dir='ltr'>ac</span> <span class='ocrx_word' id='word_1_440' title='bbox 1325 284 1551 325; x_wconf 76' lang='lat' dir='ltr'>Theodosius,</span> <span class='ocrx_word' id='word_1_441' title='bbox 1574 287 1669 317; x_wconf 88' lang='lat' dir='ltr'>etiam</span> <span class='ocrx_word' id='word_1_442' title='bbox 1693 287 1724 317; x_wconf 91' lang='lat' dir='ltr'>in</span> <span class='ocrx_word' id='word_1_443' title='bbox 1749 288 1849 319; x_wconf 87' lang='lat' dir='ltr'>rebus</span> <span class='ocrx_word' id='word_1_444' title='bbox 1873 298 1939 318; x_wconf 91' lang='lat' dir='ltr'>non</span> <span class='ocrx_word' id='word_1_445' title='bbox 1959 286 2055 320; x_wconf 88' lang='lat' dir='ltr'>valde</span> <span class='ocrx_word' id='word_1_446' title='bbox 2074 290 2130 320; x_wconf 93' lang='lat' dir='ltr'>ob-</span> 
     </span>
     <span class='ocr_line' id='line_1_66' title="bbox 1150 329 2132 372; baseline 0.002 -12"><span class='ocrx_word' id='word_1_447' title='bbox 1150 330 1270 364; x_wconf 81' lang='lat' dir='ltr'>scuris,</span> <span class='ocrx_word' id='word_1_448' title='bbox 1291 335 1323 360; x_wconf 91' lang='lat' dir='ltr'>et</span> <span class='ocrx_word' id='word_1_449' title='bbox 1347 329 1557 370; x_wconf 84' lang='lat' dir='ltr'>dogmatibus</span> <span class='ocrx_word' id='word_1_450' title='bbox 1580 329 1747 367; x_wconf 87' lang='lat' dir='ltr'>absurdis,</span> <span class='ocrx_word' id='word_1_451' title='bbox 1766 336 1874 361; x_wconf 85' lang='lat' dir='ltr'>tamen</span> <span class='ocrx_word' id='word_1_452' title='bbox 1897 331 1969 361; x_wconf 80' lang='lat' dir='ltr'>sine</span> <span class='ocrx_word' id='word_1_453' title='bbox 1981 330 2132 372; x_wconf 70' lang='lat' dir='ltr'>Synodo,</span> 
     </span>
     <span class='ocr_line' id='line_1_67' title="bbox 1150 371 2132 409; baseline 0.003 -6"><span class='ocrx_word' id='word_1_454' title='bbox 1150 371 1231 403; x_wconf 89' lang='lat' dir='ltr'>nihil</span> <span class='ocrx_word' id='word_1_455' title='bbox 1255 372 1458 404; x_wconf 88' lang='lat' dir='ltr'>constituere</span> <span class='ocrx_word' id='word_1_456' title='bbox 1484 371 1672 409; x_wconf 77' lang='lat' dir='ltr'>voluerunt,</span> <span class='ocrx_word' id='word_1_457' title='bbox 1696 379 1731 402; x_wconf 78' lang='lat' dir='ltr'>vt</span> <span class='ocrx_word' id='word_1_458' title='bbox 1748 371 1922 404; x_wconf 74' lang='lat' dir='ltr'>Ecclesiae</span> <span class='ocrx_word' id='word_1_459' title='bbox 1946 372 2132 406; x_wconf 82' lang='lat' dir='ltr'>libertatem</span> 
     </span>
     <span class='ocr_line' id='line_1_68' title="bbox 1150 415 2131 456; baseline 0.002 -10"><span class='ocrx_word' id='word_1_460' title='bbox 1150 416 1181 446; x_wconf 91' lang='lat' dir='ltr'>in</span> <span class='ocrx_word' id='word_1_461' title='bbox 1206 415 1336 456; x_wconf 91' lang='lat' dir='ltr'>iudicijs</span> <span class='ocrx_word' id='word_1_462' title='bbox 1360 415 1551 455; x_wconf 86' lang='lat' dir='ltr'>dogmatum</span> <span class='ocrx_word' id='word_1_463' title='bbox 1577 421 1827 446; x_wconf 88' lang='lat' dir='ltr'>conseruarent.</span> <span class='ocrx_word' id='word_1_464' title='bbox 1873 415 1915 446; x_wconf 80' lang='lat' dir='ltr'>Et</span> <span class='ocrx_word' id='word_1_465' title='bbox 1937 415 2131 448; x_wconf 86' lang='lat' dir='ltr'>honestissi-</span> 
     </span>
     <span class='ocr_line' id='line_1_69' title="bbox 1149 455 2131 499; baseline 0.003 -11"><span class='ocrx_word' id='word_1_466' title='bbox 1149 468 1235 488; x_wconf 91' lang='lat' dir='ltr'>mum</span> <span class='ocrx_word' id='word_1_467' title='bbox 1270 463 1321 488; x_wconf 89' lang='lat' dir='ltr'>est</span> <span class='ocrx_word' id='word_1_468' title='bbox 1355 456 1508 494; x_wconf 81' lang='lat' dir='ltr'>Caesari,</span> <span class='ocrx_word' id='word_1_469' title='bbox 1550 455 1682 487; x_wconf 91' lang='lat' dir='ltr'>illorum</span> <span class='ocrx_word' id='word_1_470' title='bbox 1717 458 1913 498; x_wconf 87' lang='lat' dir='ltr'>optimorum</span> <span class='ocrx_word' id='word_1_471' title='bbox 1948 459 2131 499; x_wconf 82' lang='lat' dir='ltr'>principum</span> 
     </span>
     <span class='ocr_line' id='line_1_70' title="bbox 1149 498 2130 541; baseline 0.003 -10"><span class='ocrx_word' id='word_1_472' title='bbox 1149 498 1334 541; x_wconf 79' lang='lat' dir='ltr'>exemplum</span> <span class='ocrx_word' id='word_1_473' title='bbox 1353 500 1483 537; x_wconf 86' lang='lat' dir='ltr'>imitari,</span> <span class='ocrx_word' id='word_1_474' title='bbox 1531 500 1702 530; x_wconf 82' lang='lat' dir='ltr'>raesertim</span> <span class='ocrx_word' id='word_1_475' title='bbox 1722 509 1795 531; x_wconf 92' lang='lat' dir='ltr'>cum</span> <span class='ocrx_word' id='word_1_476' title='bbox 1810 510 1871 531; x_wconf 75' lang='lat' dir='ltr'>nos·</span> <span class='ocrx_word' id='word_1_477' title='bbox 1884 500 1963 531; x_wconf 85' lang='lat' dir='ltr'>nihil</span> <span class='ocrx_word' id='word_1_478' title='bbox 1986 508 2130 534; x_wconf 86' lang='lat' dir='ltr'>mutaue-</span> 
     </span>
     <span class='ocr_line' id='line_1_71' title="bbox 1149 541 2131 584; baseline 0.003 -11"><span class='ocrx_word' id='word_1_479' title='bbox 1149 543 1268 580; x_wconf 83' lang='lat' dir='ltr'>rimus,</span> <span class='ocrx_word' id='word_1_480' title='bbox 1298 543 1370 574; x_wconf 88' lang='lat' dir='ltr'>sine</span> <span class='ocrx_word' id='word_1_481' title='bbox 1395 552 1511 583; x_wconf 80' lang='lat' dir='ltr'>exemp</span> <span class='ocrx_word' id='word_1_482' title='bbox 1526 552 1546 573; x_wconf 94' lang='lat' dir='ltr'>o</span> <span class='ocrx_word' id='word_1_483' title='bbox 1576 543 1699 573; x_wconf 81' lang='lat' dir='ltr'>veteris</span> <span class='ocrx_word' id='word_1_484' title='bbox 1722 541 1906 574; x_wconf 86' lang='lat' dir='ltr'>Ecclesiae.</span> <span class='ocrx_word' id='word_1_485' title='bbox 1954 543 1995 574; x_wconf 79' lang='lat' dir='ltr'>Et</span> <span class='ocrx_word' id='word_1_486' title='bbox 2019 555 2131 584; x_wconf 83' lang='lat' dir='ltr'>spera-</span> 
     </span>
     <span class='ocr_line' id='line_1_72' title="bbox 1148 583 2130 625; baseline 0.003 -9"><span class='ocrx_word' id='word_1_487' title='bbox 1148 596 1221 616; x_wconf 90' lang='lat' dir='ltr'>mus</span> <span class='ocrx_word' id='word_1_488' title='bbox 1245 584 1332 617; x_wconf 90' lang='lat' dir='ltr'>hanc</span> <span class='ocrx_word' id='word_1_489' title='bbox 1356 591 1481 616; x_wconf 85' lang='lat' dir='ltr'>tantam</span> <span class='ocrx_word' id='word_1_490' title='bbox 1509 583 1725 616; x_wconf 83' lang='lat' dir='ltr'>foelicitatem</span> <span class='ocrx_word' id='word_1_491' title='bbox 1749 585 1941 625; x_wconf 86' lang='lat' dir='ltr'>Imperatori</span> <span class='ocrx_word' id='word_1_492' title='bbox 1976 587 2130 619; x_wconf 84' lang='lat' dir='ltr'>diuinitus</span> 
     </span>
     <span class='ocr_line' id='line_1_73' title="bbox 1148 626 2131 664; baseline 0.002 -5"><span class='ocrx_word' id='word_1_493' title='bbox 1148 628 1257 659; x_wconf 78' lang='lat' dir='ltr'>datam</span> <span class='ocrx_word' id='word_1_494' title='bbox 1282 637 1378 664; x_wconf 79' lang='lat' dir='ltr'>esse,</span> <span class='ocrx_word' id='word_1_495' title='bbox 1407 628 1450 658; x_wconf 87' lang='lat' dir='ltr'>ad</span> <span class='ocrx_word' id='word_1_496' title='bbox 1481 626 1654 658; x_wconf 88' lang='lat' dir='ltr'>Ecclesiae</span> <span class='ocrx_word' id='word_1_497' title='bbox 1682 628 1943 659; x_wconf 80' lang='lat' dir='ltr'>emendationem</span> <span class='ocrx_word' id='word_1_498' title='bbox 1973 640 2014 661; x_wconf 88' lang='lat' dir='ltr'>ac</span> <span class='ocrx_word' id='word_1_499' title='bbox 2043 628 2131 662; x_wconf 89' lang='lat' dir='ltr'>salu-</span> 
     </span>
     <span class='ocr_line' id='line_1_74' title="bbox 1149 668 2131 713; baseline 0.002 -11"><span class='ocrx_word' id='word_1_500' title='bbox 1149 677 1225 702; x_wconf 87' lang='lat' dir='ltr'>tem.</span> <span class='ocrx_word' id='word_1_501' title='bbox 1271 670 1370 702; x_wconf 90' lang='lat' dir='ltr'>Certe</span> <span class='ocrx_word' id='word_1_502' title='bbox 1393 669 1480 701; x_wconf 89' lang='lat' dir='ltr'>hanc</span> <span class='ocrx_word' id='word_1_503' title='bbox 1507 670 1647 712; x_wconf 84' lang='lat' dir='ltr'>gratiam</span> <span class='ocrx_word' id='word_1_504' title='bbox 1675 668 1769 701; x_wconf 79' lang='lat' dir='ltr'>Deus</span> <span class='ocrx_word' id='word_1_505' title='bbox 1799 671 1840 701; x_wconf 93' lang='lat' dir='ltr'>ab</span> <span class='ocrx_word' id='word_1_506' title='bbox 1869 672 1942 712; x_wconf 88' lang='lat' dir='ltr'>ipso</span> <span class='ocrx_word' id='word_1_507' title='bbox 1973 673 2131 713; x_wconf 88' lang='lat' dir='ltr'>reposcit,</span> 
     </span>
    </p>

    <p class='ocr_par' dir='ltr' id='par_1_13' title="bbox 1121 699 2132 2515">
     <span class='ocr_line' id='line_1_75' title="bbox 1124 699 2131 756; baseline 0.002 -11"><span class='ocrx_word' id='word_1_508' title='bbox 1124 699 1183 756; x_wconf 69' lang='lat' dir='ltr'>lvt</span> <span class='ocrx_word' id='word_1_509' title='bbox 1217 713 1395 754; x_wconf 88' lang='lat' dir='ltr'>potentiam</span> <span class='ocrx_word' id='word_1_510' title='bbox 1425 723 1518 744; x_wconf 90' lang='lat' dir='ltr'>suam</span> <span class='ocrx_word' id='word_1_511' title='bbox 1549 711 1699 744; x_wconf 83' lang='lat' dir='ltr'>conserat</span> <span class='ocrx_word' id='word_1_512' title='bbox 1727 713 1770 744; x_wconf 88' lang='lat' dir='ltr'>ad</span> <span class='ocrx_word' id='word_1_513' title='bbox 1795 714 1976 745; x_wconf 82' lang='lat' dir='ltr'>ornandam</span> <span class='ocrx_word' id='word_1_514' title='bbox 2008 714 2131 747; x_wconf 82' lang='lat' dir='ltr'>Christi</span> 
     </span>
     <span class='ocr_line' id='line_1_76' title="bbox 1149 755 2130 798; baseline 0.002 -11"><span class='ocrx_word' id='word_1_515' title='bbox 1149 756 1305 798; x_wconf 85' lang='lat' dir='ltr'>gloriam,</span> <span class='ocrx_word' id='word_1_516' title='bbox 1328 756 1371 787; x_wconf 88' lang='lat' dir='ltr'>ad</span> <span class='ocrx_word' id='word_1_517' title='bbox 1394 755 1567 787; x_wconf 88' lang='lat' dir='ltr'>Ecclesiae</span> <span class='ocrx_word' id='word_1_518' title='bbox 1590 765 1719 797; x_wconf 88' lang='lat' dir='ltr'>pacem,</span> <span class='ocrx_word' id='word_1_519' title='bbox 1744 757 1786 786; x_wconf 81' lang='lat' dir='ltr'>ad</span> <span class='ocrx_word' id='word_1_520' title='bbox 1811 755 2051 797; x_wconf 83' lang='lat' dir='ltr'>prohibendam</span> <span class='ocrx_word' id='word_1_521' title='bbox 2074 759 2130 789; x_wconf 80' lang='lat' dir='ltr'>iiu-</span> 
     </span>
     <span class='ocr_line' id='line_1_77' title="bbox 1148 797 2132 841; baseline 0.003 -11"><span class='ocrx_word' id='word_1_522' title='bbox 1148 810 1277 831; x_wconf 85' lang='lat' dir='ltr'>manem</span> <span class='ocrx_word' id='word_1_523' title='bbox 1312 804 1343 830; x_wconf 88' lang='lat' dir='ltr'>et</span> <span class='ocrx_word' id='word_1_524' title='bbox 1378 799 1623 830; x_wconf 81' lang='lat' dir='ltr'>iniustissimam</span> <span class='ocrx_word' id='word_1_525' title='bbox 1658 797 1903 833; x_wconf 80' lang='lat' dir='ltr'>crudelitatem.</span> <span class='ocrx_word' id='word_1_526' title='bbox 1932 810 2018 841; x_wconf 82' lang='lat' dir='ltr'>quae</span> <span class='ocrx_word' id='word_1_527' title='bbox 2049 801 2132 833; x_wconf 79' lang='lat' dir='ltr'>mira</span> 
     </span>
     <span class='ocr_line' id='line_1_78' title="bbox 1125 841 2131 888; baseline 0.002 -15"><span class='ocrx_word' id='word_1_528' title='bbox 1125 842 1292 888; x_wconf 65' lang='lat' dir='ltr'>[quadam</span> <span class='ocrx_word' id='word_1_529' title='bbox 1333 842 1424 872; x_wconf 88' lang='lat' dir='ltr'>rabie</span> <span class='ocrx_word' id='word_1_530' title='bbox 1443 843 1499 879; x_wconf 57' lang='grc'>102’)</span> <span class='ocrx_word' id='word_1_531' title='bbox 1541 841 1666 882; x_wconf 85' lang='lat' dir='ltr'>passim</span> <span class='ocrx_word' id='word_1_532' title='bbox 1705 848 1881 873; x_wconf 74' lang='lat' dir='ltr'>exercetur</span> <span class='ocrx_word' id='word_1_533' title='bbox 1914 843 1946 873; x_wconf 89' lang='lat' dir='ltr'>in</span> <span class='ocrx_word' id='word_1_534' title='bbox 1984 844 2131 875; x_wconf 86' lang='lat' dir='ltr'>membra</span> 
     </span>
     <span class='ocr_line' id='line_1_79' title="bbox 1149 883 2131 925; baseline 0.004 -11"><span class='ocrx_word' id='word_1_535' title='bbox 1149 884 1284 922; x_wconf 82' lang='lat' dir='ltr'>Christi,</span> <span class='ocrx_word' id='word_1_536' title='bbox 1317 884 1350 915; x_wconf 83' lang='lat' dir='ltr'>in</span> <span class='ocrx_word' id='word_1_537' title='bbox 1384 883 1535 915; x_wconf 89' lang='lat' dir='ltr'>homiues</span> <span class='ocrx_word' id='word_1_538' title='bbox 1570 885 1643 925; x_wconf 85' lang='lat' dir='ltr'>pios</span> <span class='ocrx_word' id='word_1_539' title='bbox 1679 891 1711 915; x_wconf 80' lang='lat' dir='ltr'>et</span> <span class='ocrx_word' id='word_1_540' title='bbox 1745 884 1950 916; x_wconf 83' lang='lat' dir='ltr'>innocentes.</span> <span class='ocrx_word' id='word_1_541' title='bbox 2006 885 2131 918; x_wconf 85' lang='lat' dir='ltr'>Harum</span> 
     </span>
     <span class='ocr_line' id='line_1_80' title="bbox 1149 926 2131 961; baseline 0.004 -4"><span class='ocrx_word' id='word_1_542' title='bbox 1149 927 1363 958; x_wconf 82' lang='lat' dir='ltr'>maximarum</span> <span class='ocrx_word' id='word_1_543' title='bbox 1387 937 1497 958; x_wconf 91' lang='lat' dir='ltr'>rerum</span> <span class='ocrx_word' id='word_1_544' title='bbox 1527 937 1640 958; x_wconf 89' lang='lat' dir='ltr'>curam</span> <span class='ocrx_word' id='word_1_545' title='bbox 1669 927 1836 958; x_wconf 87' lang='lat' dir='ltr'>mandauit</span> <span class='ocrx_word' id='word_1_546' title='bbox 1870 926 1963 959; x_wconf 90' lang='lat' dir='ltr'>Deus</span> <span class='ocrx_word' id='word_1_547' title='bbox 1994 929 2131 961; x_wconf 86' lang='lat' dir='ltr'>summis</span> 
     </span>
     <span class='ocr_line' id='line_1_81' title="bbox 1148 968 2132 1009; baseline 0.003 -9"><span class='ocrx_word' id='word_1_548' title='bbox 1148 969 1361 1009; x_wconf 79' lang='lat' dir='ltr'>principibus.</span> <span class='ocrx_word' id='word_1_549' title='bbox 1417 970 1495 1000; x_wconf 87' lang='lat' dir='ltr'>Ideo</span> <span class='ocrx_word' id='word_1_550' title='bbox 1530 970 1651 1001; x_wconf 82' lang='lat' dir='ltr'>excitat</span> <span class='ocrx_word' id='word_1_551' title='bbox 1685 968 1906 1008; x_wconf 75' lang='lat' dir='ltr'>monarchas,</span> <span class='ocrx_word' id='word_1_552' title='bbox 1942 978 1975 1002; x_wconf 84' lang='lat' dir='ltr'>vt</span> <span class='ocrx_word' id='word_1_553' title='bbox 2011 972 2132 1004; x_wconf 84' lang='lat' dir='ltr'>iniusta</span> 
     </span>
     <span class='ocr_line' id='line_1_82' title="bbox 1148 1012 2132 1057; baseline 0.004 -15"><span class='ocrx_word' id='word_1_554' title='bbox 1148 1012 1284 1053; x_wconf 89' lang='lat' dir='ltr'>imperia</span> <span class='ocrx_word' id='word_1_555' title='bbox 1318 1012 1533 1052; x_wconf 90' lang='lat' dir='ltr'>prohibeant,</span> <span class='ocrx_word' id='word_1_556' title='bbox 1569 1012 1843 1053; x_wconf 87' lang='lat' dir='ltr'>quemadmodum</span> <span class='ocrx_word' id='word_1_557' title='bbox 1879 1015 2033 1045; x_wconf 78' lang='lat' dir='ltr'>excitauit</span> <span class='ocrx_word' id='word_1_558' title='bbox 2067 1013 2132 1057; x_wconf 78' lang='lat' dir='ltr'>Cy-</span> 
     </span>
     <span class='ocr_line' id='line_1_83' title="bbox 1148 1053 2130 1096; baseline 0.005 -12"><span class='ocrx_word' id='word_1_559' title='bbox 1148 1064 1230 1092; x_wconf 91' lang='lat' dir='ltr'>rum,</span> <span class='ocrx_word' id='word_1_560' title='bbox 1255 1060 1290 1084; x_wconf 76' lang='lat' dir='ltr'>vt</span> <span class='ocrx_word' id='word_1_561' title='bbox 1311 1053 1469 1085; x_wconf 89' lang='lat' dir='ltr'>liberaret</span> <span class='ocrx_word' id='word_1_562' title='bbox 1493 1064 1512 1085; x_wconf 90' lang='lat' dir='ltr'>a</span> <span class='ocrx_word' id='word_1_563' title='bbox 1537 1054 1727 1094; x_wconf 80' lang='lat' dir='ltr'>captiuitate</span> <span class='ocrx_word' id='word_1_564' title='bbox 1756 1053 1914 1096; x_wconf 87' lang='lat' dir='ltr'>populum</span> <span class='ocrx_word' id='word_1_565' title='bbox 1944 1056 2130 1096; x_wconf 89' lang='lat' dir='ltr'>Iudeorum,</span> 
     </span>
     <span class='ocr_line' id='line_1_84' title="bbox 1123 1095 2131 1142; baseline 0.003 -14"><span class='ocrx_word' id='word_1_566' title='bbox 1123 1095 1417 1130; x_wconf 63' lang='lat' dir='ltr'>‘Constantinuim</span> <span class='ocrx_word' id='word_1_567' title='bbox 1452 1102 1488 1127; x_wconf 88' lang='lat' dir='ltr'>vt</span> <span class='ocrx_word' id='word_1_568' title='bbox 1516 1096 1606 1127; x_wconf 87' lang='lat' dir='ltr'>illam</span> <span class='ocrx_word' id='word_1_569' title='bbox 1641 1096 1801 1128; x_wconf 86' lang='lat' dir='ltr'>infinitam</span> <span class='ocrx_word' id='word_1_570' title='bbox 1830 1099 2006 1138; x_wconf 68' lang='lat' dir='ltr'>semeiam,</span> <span class='ocrx_word' id='word_1_571' title='bbox 2046 1110 2131 1142; x_wconf 80' lang='lat' dir='ltr'>quae</span> 
     </span>
     <span class='ocr_line' id='line_1_85' title="bbox 1123 1119 2132 1182; baseline 0.005 -12"><span class='ocrx_word' id='word_1_572' title='bbox 1123 1119 1227 1171; x_wconf 67' lang='lat' dir='ltr'>¹tunc</span> <span class='ocrx_word' id='word_1_573' title='bbox 1258 1140 1291 1170; x_wconf 90' lang='lat' dir='ltr'>in</span> <span class='ocrx_word' id='word_1_574' title='bbox 1324 1138 1533 1170; x_wconf 81' lang='lat' dir='ltr'>Christianos</span> <span class='ocrx_word' id='word_1_575' title='bbox 1562 1139 1802 1178; x_wconf 83' lang='lat' dir='ltr'>exercebatur,</span> <span class='ocrx_word' id='word_1_576' title='bbox 1837 1140 2026 1182; x_wconf 84' lang='lat' dir='ltr'>depelleret.</span> <span class='ocrx_word' id='word_1_577' title='bbox 2083 1143 2132 1175; x_wconf 87' lang='lat' dir='ltr'>Ita</span> 
     </span>
     <span class='ocr_line' id='line_1_86' title="bbox 1148 1180 2130 1223; baseline 0.005 -10"><span class='ocrx_word' id='word_1_578' title='bbox 1148 1188 1299 1223; x_wconf 90' lang='lat' dir='ltr'>optamus</span> <span class='ocrx_word' id='word_1_579' title='bbox 1323 1188 1357 1213; x_wconf 91' lang='lat' dir='ltr'>vt</span> <span class='ocrx_word' id='word_1_580' title='bbox 1381 1180 1525 1220; x_wconf 83' lang='lat' dir='ltr'>Caesar,</span> <span class='ocrx_word' id='word_1_581' title='bbox 1556 1189 1588 1213; x_wconf 91' lang='lat' dir='ltr'>et</span> <span class='ocrx_word' id='word_1_582' title='bbox 1622 1192 1734 1214; x_wconf 83' lang='lat' dir='ltr'>curam</span> <span class='ocrx_word' id='word_1_583' title='bbox 1763 1184 1987 1216; x_wconf 86' lang='lat' dir='ltr'>emendandae</span> <span class='ocrx_word' id='word_1_584' title='bbox 2015 1185 2130 1219; x_wconf 86' lang='lat' dir='ltr'>Eccle-</span> 
     </span>
     <span class='ocr_line' id='line_1_87' title="bbox 1148 1224 2102 1267; baseline 0.005 -12"><span class='ocrx_word' id='word_1_585' title='bbox 1148 1226 1217 1256; x_wconf 89' lang='lat' dir='ltr'>siae</span> <span class='ocrx_word' id='word_1_586' title='bbox 1241 1225 1414 1266; x_wconf 84' lang='lat' dir='ltr'>suscipiat,</span> <span class='ocrx_word' id='word_1_587' title='bbox 1437 1231 1469 1256; x_wconf 91' lang='lat' dir='ltr'>et</span> <span class='ocrx_word' id='word_1_588' title='bbox 1491 1225 1644 1256; x_wconf 78' lang='lat' dir='ltr'>iniustam</span> <span class='ocrx_word' id='word_1_589' title='bbox 1670 1224 1896 1257; x_wconf 86' lang='lat' dir='ltr'>crudelitatem</span> <span class='ocrx_word' id='word_1_590' title='bbox 1917 1227 2102 1267; x_wconf 84' lang='lat' dir='ltr'>prohibeat.</span> 
     </span>
     <span class='ocr_line' id='line_1_88' title="bbox 1234 1266 2129 1309; baseline 0.003 -10"><span class='ocrx_word' id='word_1_591' title='bbox 1234 1267 1319 1299; x_wconf 90' lang='lat' dir='ltr'>Nam</span> <span class='ocrx_word' id='word_1_592' title='bbox 1349 1266 1477 1299; x_wconf 86' lang='lat' dir='ltr'>articuli</span> <span class='ocrx_word' id='word_1_593' title='bbox 1511 1268 1616 1299; x_wconf 84' lang='lat' dir='ltr'>nostri</span> <span class='ocrx_word' id='word_1_594' title='bbox 1651 1278 1736 1309; x_wconf 91' lang='lat' dir='ltr'>quos</span> <span class='ocrx_word' id='word_1_595' title='bbox 1767 1271 2010 1306; x_wconf 81' lang='lat' dir='ltr'>recensuimus,</span> <span class='ocrx_word' id='word_1_596' title='bbox 2046 1271 2129 1302; x_wconf 79' lang='lat' dir='ltr'>satis</span> 
     </span>
     <span class='ocr_line' id='line_1_89' title="bbox 1123 1279 2129 1352; baseline 0.003 -10"><span class='ocrx_word' id='word_1_597' title='bbox 1123 1279 1128 1345; x_wconf 77' lang='lat' dir='ltr'>i</span> <span class='ocrx_word' id='word_1_598' title='bbox 1149 1309 1236 1342; x_wconf 84' lang='lat' dir='ltr'>clare</span> <span class='ocrx_word' id='word_1_599' title='bbox 1260 1317 1443 1348; x_wconf 85' lang='lat' dir='ltr'>testantur,</span> <span class='ocrx_word' id='word_1_600' title='bbox 1468 1321 1529 1341; x_wconf 88' lang='lat' dir='ltr'>nos</span> <span class='ocrx_word' id='word_1_601' title='bbox 1553 1310 1680 1342; x_wconf 88' lang='lat' dir='ltr'>nullum</span> <span class='ocrx_word' id='word_1_602' title='bbox 1711 1311 1831 1352; x_wconf 82' lang='lat' dir='ltr'>dogma</span> <span class='ocrx_word' id='word_1_603' title='bbox 1862 1318 1978 1343; x_wconf 83' lang='lat' dir='ltr'>contra</span> <span class='ocrx_word' id='word_1_604' title='bbox 2007 1312 2129 1346; x_wconf 87' lang='lat' dir='ltr'>Catho-</span> 
     </span>
     <span class='ocr_line' id='line_1_90' title="bbox 1147 1352 2130 1395; baseline 0.005 -11"><span class='ocrx_word' id='word_1_605' title='bbox 1147 1352 1245 1384; x_wconf 86' lang='lat' dir='ltr'>licam</span> <span class='ocrx_word' id='word_1_606' title='bbox 1279 1352 1484 1391; x_wconf 87' lang='lat' dir='ltr'>Ecclesiam,</span> <span class='ocrx_word' id='word_1_607' title='bbox 1518 1352 1640 1385; x_wconf 90' lang='lat' dir='ltr'>nullam</span> <span class='ocrx_word' id='word_1_608' title='bbox 1675 1354 1804 1395; x_wconf 86' lang='lat' dir='ltr'>impiam</span> <span class='ocrx_word' id='word_1_609' title='bbox 1834 1361 1889 1385; x_wconf 85' lang='lat' dir='ltr'>aut</span> <span class='ocrx_word' id='word_1_610' title='bbox 1929 1356 2130 1389; x_wconf 89' lang='lat' dir='ltr'>sediciosam</span> 
     </span>
     <span class='ocr_line' id='line_1_91' title="bbox 1149 1396 2129 1440; baseline 0.004 -13"><span class='ocrx_word' id='word_1_611' title='bbox 1149 1396 1335 1437; x_wconf 88' lang='lat' dir='ltr'>opinionem</span> <span class='ocrx_word' id='word_1_612' title='bbox 1364 1397 1486 1428; x_wconf 90' lang='lat' dir='ltr'>docere</span> <span class='ocrx_word' id='word_1_613' title='bbox 1515 1403 1572 1427; x_wconf 85' lang='lat' dir='ltr'>aut</span> <span class='ocrx_word' id='word_1_614' title='bbox 1601 1397 1762 1438; x_wconf 86' lang='lat' dir='ltr'>probare,</span> <span class='ocrx_word' id='word_1_615' title='bbox 1791 1397 1859 1429; x_wconf 86' lang='lat' dir='ltr'>Imo</span> <span class='ocrx_word' id='word_1_616' title='bbox 1888 1399 2051 1440; x_wconf 83' lang='lat' dir='ltr'>quosdam</span> <span class='ocrx_word' id='word_1_617' title='bbox 2082 1400 2129 1431; x_wconf 89' lang='lat' dir='ltr'>in-</span> 
     </span>
     <span class='ocr_line' id='line_1_92' title="bbox 1148 1438 2129 1481; baseline 0.005 -12"><span class='ocrx_word' id='word_1_618' title='bbox 1148 1440 1262 1481; x_wconf 85' lang='lat' dir='ltr'>signes</span> <span class='ocrx_word' id='word_1_619' title='bbox 1296 1438 1457 1470; x_wconf 86' lang='lat' dir='ltr'>articulos</span> <span class='ocrx_word' id='word_1_620' title='bbox 1490 1438 1702 1471; x_wconf 82' lang='lat' dir='ltr'>Christianae</span> <span class='ocrx_word' id='word_1_621' title='bbox 1736 1441 1909 1472; x_wconf 87' lang='lat' dir='ltr'>doctrinae</span> <span class='ocrx_word' id='word_1_622' title='bbox 1948 1452 1967 1472; x_wconf 89' lang='lat' dir='ltr'>a</span> <span class='ocrx_word' id='word_1_623' title='bbox 2003 1444 2129 1474; x_wconf 86' lang='lat' dir='ltr'>nostris</span> 
     </span>
     <span class='ocr_line' id='line_1_93' title="bbox 1148 1481 2129 1524; baseline 0.003 -11"><span class='ocrx_word' id='word_1_624' title='bbox 1148 1483 1200 1524; x_wconf 87' lang='lat' dir='ltr'>pie</span> <span class='ocrx_word' id='word_1_625' title='bbox 1225 1489 1258 1513; x_wconf 91' lang='lat' dir='ltr'>et</span> <span class='ocrx_word' id='word_1_626' title='bbox 1280 1481 1403 1513; x_wconf 68' lang='lat' dir='ltr'>Vtiliter</span> <span class='ocrx_word' id='word_1_627' title='bbox 1425 1481 1609 1514; x_wconf 88' lang='lat' dir='ltr'>illustratos</span> <span class='ocrx_word' id='word_1_628' title='bbox 1632 1492 1718 1514; x_wconf 88' lang='lat' dir='ltr'>esse.</span> <span class='ocrx_word' id='word_1_629' title='bbox 1754 1483 1788 1513; x_wconf 94' lang='lat' dir='ltr'>In</span> <span class='ocrx_word' id='word_1_630' title='bbox 1813 1484 1957 1515; x_wconf 80' lang='lat' dir='ltr'>externis</span> <span class='ocrx_word' id='word_1_631' title='bbox 1983 1486 2129 1516; x_wconf 88' lang='lat' dir='ltr'>traditio-</span> 
     </span>
     <span class='ocr_line' id='line_1_94' title="bbox 1148 1526 2129 1568; baseline 0.004 -12"><span class='ocrx_word' id='word_1_632' title='bbox 1148 1526 1246 1557; x_wconf 91' lang='lat' dir='ltr'>nibus</span> <span class='ocrx_word' id='word_1_633' title='bbox 1272 1526 1402 1557; x_wconf 88' lang='lat' dir='ltr'>abusus</span> <span class='ocrx_word' id='word_1_634' title='bbox 1435 1526 1567 1566; x_wconf 88' lang='lat' dir='ltr'>quidam</span> <span class='ocrx_word' id='word_1_635' title='bbox 1595 1526 1707 1557; x_wconf 86' lang='lat' dir='ltr'>mutati</span> <span class='ocrx_word' id='word_1_636' title='bbox 1737 1532 1831 1564; x_wconf 88' lang='lat' dir='ltr'>sunt,</span> <span class='ocrx_word' id='word_1_637' title='bbox 1863 1537 2001 1568; x_wconf 84' lang='lat' dir='ltr'>quarum</span> <span class='ocrx_word' id='word_1_638' title='bbox 2031 1529 2129 1561; x_wconf 87' lang='lat' dir='ltr'>etiam</span> 
     </span>
     <span class='ocr_line' id='line_1_95' title="bbox 1148 1567 2128 1610; baseline 0.004 -11"><span class='ocrx_word' id='word_1_639' title='bbox 1148 1569 1243 1610; x_wconf 88' lang='lat' dir='ltr'>siqua</span> <span class='ocrx_word' id='word_1_640' title='bbox 1266 1575 1318 1599; x_wconf 90' lang='lat' dir='ltr'>est</span> <span class='ocrx_word' id='word_1_641' title='bbox 1336 1567 1578 1606; x_wconf 87' lang='lat' dir='ltr'>dissimilitudo,</span> <span class='ocrx_word' id='word_1_642' title='bbox 1602 1569 1630 1599; x_wconf 92' lang='lat' dir='ltr'>si</span> <span class='ocrx_word' id='word_1_643' title='bbox 1665 1575 1772 1600; x_wconf 89' lang='lat' dir='ltr'>tamen</span> <span class='ocrx_word' id='word_1_644' title='bbox 1804 1569 1955 1602; x_wconf 87' lang='lat' dir='ltr'>doctrina</span> <span class='ocrx_word' id='word_1_645' title='bbox 1984 1577 2016 1601; x_wconf 88' lang='lat' dir='ltr'>et</span> <span class='ocrx_word' id='word_1_646' title='bbox 2044 1571 2128 1603; x_wconf 77' lang='lat' dir='ltr'>{ides</span> 
     </span>
     <span class='ocr_line' id='line_1_96' title="bbox 1147 1610 2127 1654; baseline 0.004 -12"><span class='ocrx_word' id='word_1_647' title='bbox 1147 1622 1230 1654; x_wconf 87' lang='lat' dir='ltr'>pura</span> <span class='ocrx_word' id='word_1_648' title='bbox 1253 1611 1307 1649; x_wconf 91' lang='lat' dir='ltr'>sit,</span> <span class='ocrx_word' id='word_1_649' title='bbox 1331 1621 1428 1643; x_wconf 90' lang='lat' dir='ltr'>nemo</span> <span class='ocrx_word' id='word_1_650' title='bbox 1451 1617 1588 1652; x_wconf 83' lang='lat' dir='ltr'>propter</span> <span class='ocrx_word' id='word_1_651' title='bbox 1612 1610 1701 1643; x_wconf 86' lang='lat' dir='ltr'>illam</span> <span class='ocrx_word' id='word_1_652' title='bbox 1729 1612 1942 1644; x_wconf 87' lang='lat' dir='ltr'>traditionum</span> <span class='ocrx_word' id='word_1_653' title='bbox 1970 1613 2127 1647; x_wconf 88' lang='lat' dir='ltr'>humana—</span> 
     </span>
     <span class='ocr_line' id='line_1_97' title="bbox 1123 1653 2126 1713; baseline 0.003 -28"><span class='ocrx_word' id='word_1_654' title='bbox 1123 1660 1218 1713; x_wconf 69' lang='lat' dir='ltr'>&#39;rum</span> <span class='ocrx_word' id='word_1_655' title='bbox 1243 1653 1540 1685; x_wconf 88' lang='lat' dir='ltr'>dissimilitudinem</span> <span class='ocrx_word' id='word_1_656' title='bbox 1570 1654 1745 1686; x_wconf 84' lang='lat' dir='ltr'>habendus</span> <span class='ocrx_word' id='word_1_657' title='bbox 1775 1663 1825 1686; x_wconf 87' lang='lat' dir='ltr'>est</span> <span class='ocrx_word' id='word_1_658' title='bbox 1855 1656 2039 1694; x_wconf 75' lang='lat' dir='ltr'>hereticus,</span> <span class='ocrx_word' id='word_1_659' title='bbox 2069 1662 2126 1690; x_wconf 87' lang='lat' dir='ltr'>aut</span> 
     </span>
     <span class='ocr_line' id='line_1_98' title="bbox 1147 1696 2123 1732; baseline 0.003 -3"><span class='ocrx_word' id='word_1_660' title='bbox 1147 1698 1300 1729; x_wconf 70' lang='lat' dir='ltr'>desertor</span> <span class='ocrx_word' id='word_1_661' title='bbox 1324 1696 1518 1729; x_wconf 83' lang='lat' dir='ltr'>Catholicae</span> <span class='ocrx_word' id='word_1_662' title='bbox 1547 1696 1730 1729; x_wconf 85' lang='lat' dir='ltr'>Ecclesiae.</span> <span class='ocrx_word' id='word_1_663' title='bbox 1776 1698 1862 1729; x_wconf 86' lang='lat' dir='ltr'>Nam</span> <span class='ocrx_word' id='word_1_664' title='bbox 1875 1700 1984 1730; x_wconf 77' lang='lat' dir='ltr'>vnitas</span> <span class='ocrx_word' id='word_1_665' title='bbox 2004 1699 2123 1732; x_wconf 86' lang='lat' dir='ltr'>Catho-</span> 
     </span>
     <span class='ocr_line' id='line_1_99' title="bbox 1146 1739 2124 1775; baseline 0.003 -4"><span class='ocrx_word' id='word_1_666' title='bbox 1146 1739 1231 1771; x_wconf 91' lang='lat' dir='ltr'>licae</span> <span class='ocrx_word' id='word_1_667' title='bbox 1254 1739 1426 1772; x_wconf 88' lang='lat' dir='ltr'>Ecclesiae</span> <span class='ocrx_word' id='word_1_668' title='bbox 1450 1740 1601 1771; x_wconf 79' lang='lat' dir='ltr'>consistit</span> <span class='ocrx_word' id='word_1_669' title='bbox 1625 1741 1657 1771; x_wconf 92' lang='lat' dir='ltr'>in</span> <span class='ocrx_word' id='word_1_670' title='bbox 1681 1741 1850 1773; x_wconf 84' lang='lat' dir='ltr'>doctrinae</span> <span class='ocrx_word' id='word_1_671' title='bbox 1880 1748 1911 1773; x_wconf 90' lang='lat' dir='ltr'>et</span> <span class='ocrx_word' id='word_1_672' title='bbox 1943 1742 2018 1774; x_wconf 80' lang='lat' dir='ltr'>fidei</span> <span class='ocrx_word' id='word_1_673' title='bbox 2047 1753 2124 1775; x_wconf 89' lang='lat' dir='ltr'>con-</span> 
     </span>
     <span class='ocr_line' id='line_1_100' title="bbox 1146 1783 2124 1826; baseline 0.003 -11"><span class='ocrx_word' id='word_1_674' title='bbox 1146 1793 1260 1822; x_wconf 80' lang='lat' dir='ltr'>sensu,</span> <span class='ocrx_word' id='word_1_675' title='bbox 1283 1794 1349 1815; x_wconf 91' lang='lat' dir='ltr'>non</span> <span class='ocrx_word' id='word_1_676' title='bbox 1373 1785 1406 1814; x_wconf 91' lang='lat' dir='ltr'>in</span> <span class='ocrx_word' id='word_1_677' title='bbox 1429 1783 1660 1815; x_wconf 85' lang='lat' dir='ltr'>traditionibus</span> <span class='ocrx_word' id='word_1_678' title='bbox 1680 1783 1850 1822; x_wconf 82' lang='lat' dir='ltr'>humanis,</span> <span class='ocrx_word' id='word_1_679' title='bbox 1873 1796 2011 1826; x_wconf 85' lang='lat' dir='ltr'>quarum</span> <span class='ocrx_word' id='word_1_680' title='bbox 2041 1796 2124 1818; x_wconf 88' lang='lat' dir='ltr'>sem-</span> 
     </span>
     <span class='ocr_line' id='line_1_101' title="bbox 1145 1826 2123 1869; baseline 0.003 -12"><span class='ocrx_word' id='word_1_681' title='bbox 1145 1837 1205 1868; x_wconf 84' lang='lat' dir='ltr'>per</span> <span class='ocrx_word' id='word_1_682' title='bbox 1227 1827 1260 1857; x_wconf 91' lang='lat' dir='ltr'>in</span> <span class='ocrx_word' id='word_1_683' title='bbox 1283 1826 1443 1858; x_wconf 87' lang='lat' dir='ltr'>Ecclesiis</span> <span class='ocrx_word' id='word_1_684' title='bbox 1468 1836 1528 1867; x_wconf 88' lang='lat' dir='ltr'>per</span> <span class='ocrx_word' id='word_1_685' title='bbox 1550 1832 1654 1858; x_wconf 87' lang='lat' dir='ltr'>totum</span> <span class='ocrx_word' id='word_1_686' title='bbox 1678 1827 1792 1858; x_wconf 87' lang='lat' dir='ltr'>orbem</span> <span class='ocrx_word' id='word_1_687' title='bbox 1811 1838 1930 1869; x_wconf 83' lang='lat' dir='ltr'>magna</span> <span class='ocrx_word' id='word_1_688' title='bbox 1954 1826 2013 1860; x_wconf 81' lang='lat' dir='ltr'>suit</span> <span class='ocrx_word' id='word_1_689' title='bbox 2032 1830 2123 1861; x_wconf 82' lang='lat' dir='ltr'>dissi·</span> 
     </span>
     <span class='ocr_line' id='line_1_102' title="bbox 1121 1868 2123 1911; baseline 0.003 -10"><span class='ocrx_word' id='word_1_690' title='bbox 1121 1868 1304 1911; x_wconf 61' lang='lat' dir='ltr'>imilitudO.</span> <span class='ocrx_word' id='word_1_691' title='bbox 1349 1870 1422 1901; x_wconf 85' lang='lat' dir='ltr'>Nec</span> <span class='ocrx_word' id='word_1_692' title='bbox 1445 1879 1525 1901; x_wconf 77' lang='lat' dir='ltr'>vero</span> <span class='ocrx_word' id='word_1_693' title='bbox 1555 1869 1650 1901; x_wconf 82' lang='lat' dir='ltr'>fidem</span> <span class='ocrx_word' id='word_1_694' title='bbox 1681 1869 1802 1901; x_wconf 87' lang='lat' dir='ltr'>habeat</span> <span class='ocrx_word' id='word_1_695' title='bbox 1832 1869 1998 1903; x_wconf 74' lang='lat' dir='ltr'>Caesarea</span> <span class='ocrx_word' id='word_1_696' title='bbox 2026 1871 2123 1904; x_wconf 81' lang='lat' dir='ltr'>Maie-</span> 
     </span>
     <span class='ocr_line' id='line_1_103' title="bbox 1145 1913 2124 1954; baseline 0.003 -10"><span class='ocrx_word' id='word_1_697' title='bbox 1145 1920 1216 1944; x_wconf 84' lang='lat' dir='ltr'>stas</span> <span class='ocrx_word' id='word_1_698' title='bbox 1236 1913 1301 1951; x_wconf 72' lang='lat' dir='ltr'>l1iS,</span> <span class='ocrx_word' id='word_1_699' title='bbox 1325 1913 1390 1954; x_wconf 93' lang='lat' dir='ltr'>qui,</span> <span class='ocrx_word' id='word_1_700' title='bbox 1415 1919 1449 1944; x_wconf 75' lang='lat' dir='ltr'>vt</span> <span class='ocrx_word' id='word_1_701' title='bbox 1473 1913 1548 1944; x_wconf 88' lang='lat' dir='ltr'>odia</span> <span class='ocrx_word' id='word_1_702' title='bbox 1573 1919 1688 1944; x_wconf 85' lang='lat' dir='ltr'>contra</span> <span class='ocrx_word' id='word_1_703' title='bbox 1712 1923 1774 1943; x_wconf 72' lang='lat' dir='ltr'>nos</span> <span class='ocrx_word' id='word_1_704' title='bbox 1797 1913 2011 1954; x_wconf 74' lang='lat' dir='ltr'>inflamment,</span> <span class='ocrx_word' id='word_1_705' title='bbox 2024 1916 2124 1947; x_wconf 85' lang='lat' dir='ltr'>miras</span> 
     </span>
     <span class='ocr_line' id='line_1_104' title="bbox 1147 1954 2124 1998; baseline 0.003 -11"><span class='ocrx_word' id='word_1_706' title='bbox 1147 1954 1327 1988; x_wconf 86' lang='lat' dir='ltr'>calumnias</span> <span class='ocrx_word' id='word_1_707' title='bbox 1350 1962 1523 1998; x_wconf 80' lang='lat' dir='ltr'>spargunt.</span> <span class='ocrx_word' id='word_1_708' title='bbox 1558 1956 1755 1987; x_wconf 76' lang='lat' dir='ltr'>praedicant</span> <span class='ocrx_word' id='word_1_709' title='bbox 1770 1966 1884 1988; x_wconf 90' lang='lat' dir='ltr'>omnes</span> <span class='ocrx_word' id='word_1_710' title='bbox 1909 1959 2124 1998; x_wconf 86' lang='lat' dir='ltr'>ceremonias,</span> 
     </span>
     <span class='ocr_line' id='line_1_105' title="bbox 1147 1998 2124 2034; baseline 0.004 -4"><span class='ocrx_word' id='word_1_711' title='bbox 1147 2009 1263 2030; x_wconf 91' lang='lat' dir='ltr'>omnes</span> <span class='ocrx_word' id='word_1_712' title='bbox 1294 2000 1402 2031; x_wconf 90' lang='lat' dir='ltr'>bonos</span> <span class='ocrx_word' id='word_1_713' title='bbox 1432 2009 1542 2030; x_wconf 87' lang='lat' dir='ltr'>mores</span> <span class='ocrx_word' id='word_1_714' title='bbox 1577 1999 1610 2030; x_wconf 91' lang='lat' dir='ltr'>in</span> <span class='ocrx_word' id='word_1_715' title='bbox 1643 1998 1806 2031; x_wconf 86' lang='lat' dir='ltr'>Ecclesiis</span> <span class='ocrx_word' id='word_1_716' title='bbox 1842 1999 1944 2031; x_wconf 85' lang='lat' dir='ltr'>deleri</span> <span class='ocrx_word' id='word_1_717' title='bbox 1973 2002 2124 2034; x_wconf 89' lang='lat' dir='ltr'>anobis.</span> 
     </span>
     <span class='ocr_line' id='line_1_106' title="bbox 1147 2040 2124 2084; baseline 0.003 -10"><span class='ocrx_word' id='word_1_718' title='bbox 1147 2042 1239 2074; x_wconf 91' lang='lat' dir='ltr'>Haec</span> <span class='ocrx_word' id='word_1_719' title='bbox 1262 2043 1399 2074; x_wconf 87' lang='lat' dir='ltr'>crimina</span> <span class='ocrx_word' id='word_1_720' title='bbox 1423 2048 1538 2084; x_wconf 82' lang='lat' dir='ltr'>aperte</span> <span class='ocrx_word' id='word_1_721' title='bbox 1561 2040 1648 2074; x_wconf 86' lang='lat' dir='ltr'>salsa</span> <span class='ocrx_word' id='word_1_722' title='bbox 1671 2049 1759 2074; x_wconf 85' lang='lat' dir='ltr'>sunt.</span> <span class='ocrx_word' id='word_1_723' title='bbox 1804 2043 1874 2074; x_wconf 84' lang='lat' dir='ltr'>Nos</span> <span class='ocrx_word' id='word_1_724' title='bbox 1899 2045 1984 2075; x_wconf 91' lang='lat' dir='ltr'>enim</span> <span class='ocrx_word' id='word_1_725' title='bbox 2013 2051 2045 2076; x_wconf 90' lang='lat' dir='ltr'>et</span> <span class='ocrx_word' id='word_1_726' title='bbox 2074 2055 2124 2077; x_wconf 86' lang='lat' dir='ltr'>cc-</span> 
     </span>
     <span class='ocr_line' id='line_1_107' title="bbox 1148 2086 2125 2127; baseline 0.002 -9"><span class='ocrx_word' id='word_1_727' title='bbox 1148 2086 1314 2118; x_wconf 89' lang='lat' dir='ltr'>remonias</span> <span class='ocrx_word' id='word_1_728' title='bbox 1337 2086 1494 2118; x_wconf 89' lang='lat' dir='ltr'>diuinitus</span> <span class='ocrx_word' id='word_1_729' title='bbox 1527 2086 1711 2123; x_wconf 80' lang='lat' dir='ltr'>institutas,</span> <span class='ocrx_word' id='word_1_730' title='bbox 1745 2095 1871 2118; x_wconf 86' lang='lat' dir='ltr'>summa</span> <span class='ocrx_word' id='word_1_731' title='bbox 1897 2087 2018 2127; x_wconf 86' lang='lat' dir='ltr'>pietate</span> <span class='ocrx_word' id='word_1_732' title='bbox 2047 2098 2125 2120; x_wconf 90' lang='lat' dir='ltr'>cou-</span> 
     </span>
     <span class='ocr_line' id='line_1_108' title="bbox 1148 2129 2125 2171; baseline 0.002 -10"><span class='ocrx_word' id='word_1_733' title='bbox 1148 2139 1334 2168; x_wconf 85' lang='lat' dir='ltr'>seruamus,</span> <span class='ocrx_word' id='word_1_734' title='bbox 1353 2134 1385 2161; x_wconf 87' lang='lat' dir='ltr'>et</span> <span class='ocrx_word' id='word_1_735' title='bbox 1408 2134 1443 2161; x_wconf 85' lang='lat' dir='ltr'>vt</span> <span class='ocrx_word' id='word_1_736' title='bbox 1465 2139 1579 2161; x_wconf 87' lang='lat' dir='ltr'>earum</span> <span class='ocrx_word' id='word_1_737' title='bbox 1591 2129 1810 2162; x_wconf 86' lang='lat' dir='ltr'>reuerentiam</span> <span class='ocrx_word' id='word_1_738' title='bbox 1829 2140 2037 2171; x_wconf 83' lang='lat' dir='ltr'>augeremus,</span> <span class='ocrx_word' id='word_1_739' title='bbox 2055 2137 2125 2163; x_wconf 86' lang='lat' dir='ltr'>tau-</span> 
     </span>
     <span class='ocr_line' id='line_1_109' title="bbox 1148 2172 2126 2216; baseline 0.003 -12"><span class='ocrx_word' id='word_1_740' title='bbox 1148 2178 1217 2205; x_wconf 88' lang='lat' dir='ltr'>tum</span> <span class='ocrx_word' id='word_1_741' title='bbox 1240 2183 1348 2205; x_wconf 90' lang='lat' dir='ltr'>nouos</span> <span class='ocrx_word' id='word_1_742' title='bbox 1372 2173 1536 2215; x_wconf 89' lang='lat' dir='ltr'>quosdam</span> <span class='ocrx_word' id='word_1_743' title='bbox 1557 2173 1685 2205; x_wconf 90' lang='lat' dir='ltr'>abusus</span> <span class='ocrx_word' id='word_1_744' title='bbox 1708 2172 1914 2212; x_wconf 85' lang='lat' dir='ltr'>sustulimus,</span> <span class='ocrx_word' id='word_1_745' title='bbox 1927 2174 1981 2216; x_wconf 89' lang='lat' dir='ltr'>qui</span> <span class='ocrx_word' id='word_1_746' title='bbox 2007 2179 2126 2207; x_wconf 81' lang='lat' dir='ltr'>contra</span> 
     </span>
     <span class='ocr_line' id='line_1_110' title="bbox 1149 2216 2126 2258; baseline 0.002 -10"><span class='ocrx_word' id='word_1_747' title='bbox 1149 2216 1364 2258; x_wconf 88' lang='lat' dir='ltr'>scripturam,</span> <span class='ocrx_word' id='word_1_748' title='bbox 1400 2222 1518 2248; x_wconf 89' lang='lat' dir='ltr'>contra</span> <span class='ocrx_word' id='word_1_749' title='bbox 1552 2222 1683 2248; x_wconf 81' lang='lat' dir='ltr'>veteres</span> <span class='ocrx_word' id='word_1_750' title='bbox 1723 2226 1887 2255; x_wconf 85' lang='lat' dir='ltr'>canones,</span> <span class='ocrx_word' id='word_1_751' title='bbox 1921 2223 2037 2249; x_wconf 85' lang='lat' dir='ltr'>contra</span> <span class='ocrx_word' id='word_1_752' title='bbox 2070 2228 2126 2251; x_wconf 83' lang='lat' dir='ltr'>ve·</span> 
     </span>
     <span class='ocr_line' id='line_1_111' title="bbox 1148 2258 2126 2301; baseline 0.003 -11"><span class='ocrx_word' id='word_1_753' title='bbox 1148 2260 1228 2291; x_wconf 90' lang='lat' dir='ltr'>teris</span> <span class='ocrx_word' id='word_1_754' title='bbox 1252 2259 1427 2292; x_wconf 87' lang='lat' dir='ltr'>Ecclesiae</span> <span class='ocrx_word' id='word_1_755' title='bbox 1454 2258 1622 2301; x_wconf 86' lang='lat' dir='ltr'>exempla,</span> <span class='ocrx_word' id='word_1_756' title='bbox 1646 2259 1718 2291; x_wconf 90' lang='lat' dir='ltr'>sine</span> <span class='ocrx_word' id='word_1_757' title='bbox 1741 2258 1808 2291; x_wconf 77' lang='lat' dir='ltr'>vlla</span> <span class='ocrx_word' id='word_1_758' title='bbox 1832 2266 1925 2292; x_wconf 87' lang='lat' dir='ltr'>certa</span> <span class='ocrx_word' id='word_1_759' title='bbox 1948 2261 2126 2293; x_wconf 81' lang='lat' dir='ltr'>autoritate</span> 
     </span>
     <span class='ocr_line' id='line_1_112' title="bbox 1147 2302 2127 2346; baseline 0.002 -12"><span class='ocrx_word' id='word_1_760' title='bbox 1147 2302 1234 2335; x_wconf 88' lang='lat' dir='ltr'>vicio</span> <span class='ocrx_word' id='word_1_761' title='bbox 1256 2309 1441 2344; x_wconf 88' lang='lat' dir='ltr'>temporum</span> <span class='ocrx_word' id='word_1_762' title='bbox 1463 2303 1588 2344; x_wconf 89' lang='lat' dir='ltr'>recepti</span> <span class='ocrx_word' id='word_1_763' title='bbox 1606 2309 1696 2335; x_wconf 89' lang='lat' dir='ltr'>sunt.</span> <span class='ocrx_word' id='word_1_764' title='bbox 1742 2302 1794 2335; x_wconf 90' lang='lat' dir='ltr'>Ac</span> <span class='ocrx_word' id='word_1_765' title='bbox 1816 2313 1937 2346; x_wconf 83' lang='lat' dir='ltr'>magna</span> <span class='ocrx_word' id='word_1_766' title='bbox 1967 2313 2007 2335; x_wconf 81' lang='lat' dir='ltr'>ex</span> <span class='ocrx_word' id='word_1_767' title='bbox 2029 2310 2127 2345; x_wconf 82' lang='lat' dir='ltr'>parte</span> 
     </span>
     <span class='ocr_line' id='line_1_113' title="bbox 1145 2345 2128 2389; baseline 0.003 -11"><span class='ocrx_word' id='word_1_768' title='bbox 1145 2352 1279 2379; x_wconf 87' lang='lat' dir='ltr'>veteres</span> <span class='ocrx_word' id='word_1_769' title='bbox 1303 2347 1387 2379; x_wconf 87' lang='lat' dir='ltr'>ritus</span> <span class='ocrx_word' id='word_1_770' title='bbox 1411 2345 1586 2389; x_wconf 85' lang='lat' dir='ltr'>diligenter</span> <span class='ocrx_word' id='word_1_771' title='bbox 1608 2346 1696 2388; x_wconf 88' lang='lat' dir='ltr'>apud</span> <span class='ocrx_word' id='word_1_772' title='bbox 1718 2356 1780 2378; x_wconf 91' lang='lat' dir='ltr'>nos</span> <span class='ocrx_word' id='word_1_773' title='bbox 1792 2352 1978 2378; x_wconf 88' lang='lat' dir='ltr'>seruantur.</span> <span class='ocrx_word' id='word_1_774' title='bbox 2013 2346 2128 2383; x_wconf 84' lang='lat' dir='ltr'>Quare</span> 
     </span>
     <span class='ocr_line' id='line_1_114' title="bbox 1144 2388 2127 2434; baseline 0.002 -13"><span class='ocrx_word' id='word_1_775' title='bbox 1144 2399 1315 2432; x_wconf 80' lang='lat' dir='ltr'>rogamuS,</span> <span class='ocrx_word' id='word_1_776' title='bbox 1335 2395 1371 2421; x_wconf 85' lang='lat' dir='ltr'>vt</span> <span class='ocrx_word' id='word_1_777' title='bbox 1394 2389 1561 2422; x_wconf 87' lang='lat' dir='ltr'>Caesarea</span> <span class='ocrx_word' id='word_1_778' title='bbox 1583 2389 1762 2428; x_wconf 74' lang='lat' dir='ltr'>Maiestas,</span> <span class='ocrx_word' id='word_1_779' title='bbox 1791 2388 1975 2422; x_wconf 89' lang='lat' dir='ltr'>clementer</span> <span class='ocrx_word' id='word_1_780' title='bbox 2003 2391 2127 2434; x_wconf 87' lang='lat' dir='ltr'>audiat,</span> 
     </span>
     <span class='ocr_line' id='line_1_115' title="bbox 1145 2433 2127 2476; baseline 0.003 -11"><span class='ocrx_word' id='word_1_781' title='bbox 1145 2434 1223 2475; x_wconf 88' lang='lat' dir='ltr'>quid</span> <span class='ocrx_word' id='word_1_782' title='bbox 1245 2433 1278 2465; x_wconf 90' lang='lat' dir='ltr'>in</span> <span class='ocrx_word' id='word_1_783' title='bbox 1301 2434 1446 2465; x_wconf 85' lang='lat' dir='ltr'>externis</span> <span class='ocrx_word' id='word_1_784' title='bbox 1464 2433 1581 2466; x_wconf 84' lang='lat' dir='ltr'>ritibus</span> <span class='ocrx_word' id='word_1_785' title='bbox 1603 2439 1769 2472; x_wconf 88' lang='lat' dir='ltr'>seruetur,</span> <span class='ocrx_word' id='word_1_786' title='bbox 1795 2433 1874 2476; x_wconf 85' lang='lat' dir='ltr'>quid</span> <span class='ocrx_word' id='word_1_787' title='bbox 1897 2443 1964 2476; x_wconf 85' lang='lat' dir='ltr'>qua</span> <span class='ocrx_word' id='word_1_788' title='bbox 1985 2434 2028 2467; x_wconf 87' lang='lat' dir='ltr'>de</span> <span class='ocrx_word' id='word_1_789' title='bbox 2050 2444 2127 2468; x_wconf 85' lang='lat' dir='ltr'>cau-</span> 
     </span>
     <span class='ocr_line' id='line_1_116' title="bbox 1143 2477 1498 2515; baseline 0 -7"><span class='ocrx_word' id='word_1_790' title='bbox 1143 2486 1183 2508; x_wconf 91' lang='lat' dir='ltr'>sa</span> <span class='ocrx_word' id='word_1_791' title='bbox 1205 2482 1366 2510; x_wconf 83' lang='lat' dir='ltr'>mutatum</span> <span class='ocrx_word' id='word_1_792' title='bbox 1387 2477 1439 2508; x_wconf 88' lang='lat' dir='ltr'>sit.</span> <span class='ocrx_word' id='word_1_793' title='bbox 1453 2478 1498 2515; x_wconf 73' lang='lat'>⁹8)</span> 
     </span>
    </p>
   </div>
   <div class='ocr_carea' id='block_1_12' title="bbox 1124 903 1129 1055">
    <p class='ocr_par' dir='ltr' id='par_1_14' title="bbox 1124 903 1129 1055">
     <span class='ocr_line' id='line_1_117' title="bbox 1124 903 1129 1055; baseline 0 0"><span class='ocrx_word' id='word_1_794' title='bbox 1124 903 1129 1055; x_wconf 95' lang='lat' dir='ltr'> </span> 
     </span>
    </p>
   </div>
   <div class='ocr_carea' id='block_1_13' title="bbox 1122 1799 1126 1871">
    <p class='ocr_par' dir='ltr' id='par_1_15' title="bbox 1122 1799 1126 1871">
     <span class='ocr_line' id='line_1_118' title="bbox 1122 1799 1126 1871; baseline 0 1073"><span class='ocrx_word' id='word_1_795' title='bbox 1122 1799 1126 1871; x_wconf 95' lang='lat' dir='ltr'> </span> 
     </span>
    </p>
   </div>
   <div class='ocr_carea' id='block_1_14' title="bbox 1142 2551 1349 2557">
    <p class='ocr_par' dir='ltr' id='par_1_16' title="bbox 1142 2551 1349 2557">
     <span class='ocr_line' id='line_1_119' title="bbox 1142 2551 1349 2557; baseline 0 0"><span class='ocrx_word' id='word_1_796' title='bbox 1142 2551 1349 2557; x_wconf 95' lang='lat' dir='ltr'> </span> 
     </span>
    </p>
   </div>
   <div class='ocr_carea' id='block_1_15' title="bbox 1146 2588 2022 2668">
    <p class='ocr_par' dir='ltr' id='par_1_17' title="bbox 1146 2588 2022 2668">
     <span class='ocr_line' id='line_1_120' title="bbox 1146 2588 2022 2624; baseline 0.002 -8"><span class='ocrx_word' id='word_1_797' title='bbox 1146 2589 1209 2622; x_wconf 82' lang='lat'><strong>102)</strong></span> <span class='ocrx_word' id='word_1_798' title='bbox 1226 2588 1310 2623; x_wconf 74' lang='lat' dir='ltr'>rabie]</span> <span class='ocrx_word' id='word_1_799' title='bbox 1329 2589 1365 2615; x_wconf 72' lang='lat' dir='ltr'>uic</span> <span class='ocrx_word' id='word_1_800' title='bbox 1381 2592 1448 2616; x_wconf 68' lang='lat' dir='ltr'>rede</span> <span class='ocrx_word' id='word_1_801' title='bbox 1464 2588 1515 2618; x_wconf 74' lang='lat' dir='ltr'>Ed.</span> <span class='ocrx_word' id='word_1_802' title='bbox 1532 2589 1574 2620; x_wconf 79' lang='lat'>4.,-</span> <span class='ocrx_word' id='word_1_803' title='bbox 1591 2588 1642 2616; x_wconf 75' lang='lat' dir='ltr'>Ed.</span> <span class='ocrx_word' id='word_1_804' title='bbox 1660 2589 1686 2618; x_wconf 80' lang='grc'>8.</span> <span class='ocrx_word' id='word_1_805' title='bbox 1703 2592 1801 2624; x_wconf 76' lang='lat' dir='ltr'>typoqr.</span> <span class='ocrx_word' id='word_1_806' title='bbox 1819 2598 1917 2617; x_wconf 74' lang='lat' dir='ltr'>errore:</span> <span class='ocrx_word' id='word_1_807' title='bbox 1933 2590 2022 2618; x_wconf 65' lang='lat' dir='ltr'>nbi-o</span> 
     </span>
     <span class='ocr_line' id='line_1_121' title="bbox 1863 2640 1919 2668; baseline 0 0"><span class='ocrx_word' id='word_1_808' title='bbox 1863 2640 1919 2668; x_wconf 71' lang='lat'>24·</span> 
     </span>
    </p>
   </div>
  </div>
 </body>
</html>
