2324 2944
29 1523 37 1530 '
79 1525 273 1563 Christum,
297 1526 414 1568 gratis,
437 1536 503 1558 non
527 1531 663 1568 propter
693 1531 843 1557 nostram
871 1525 1075 1568 dignitatem.

92 266 159 289 non
176 260 318 298 possunt
331 254 545 297 conscientijs
559 253 683 285 firmam
708 250 971 284 consolationem
994 262 1073 293 pro—

92 299 375 341 ponere,.lnbcnt
407 298 492 329 enim
522 297 673 328 dubitare
704 296 744 326 de
773 296 968 327 remissione
999 304 1074 336 pec-

94 348 254 374 catorum.
300 342 341 372 Et
366 347 475 372 tamen
504 344 621 382 postea
652 339 765 370 iubent
791 348 929 380 querere
961 337 1074 368 remis-

92 385 219 416 sionem
241 394 301 426 per
329 384 461 425 propria
496 392 617 423 opera,
647 379 811 422 affingunt
842 379 1074 416 monachatus,

93 434 126 460 et
155 426 221 459 alia
256 437 368 468 opera.
420 422 719 467 Deindejabolent
755 430 785 454 et
821 434 920 454 veros
954 422 1074 461 cultus,

92 470 177 503 Nam
200 470 367 501 inuocatio
392 475 423 500 et
451 474 582 500 caetera
610 466 794 507 spirituaiia
829 466 986 497 exercitia
1020 475 1073 496 ex-

93 514 260 547 cutiuntur
293 513 431 550 animis,
464 521 532 542 non
561 510 766 541 confirmatis
798 508 917 540 fiducia
938 507 1073 539 Christi.

94 556 251 587 Preterea
272 565 333 586 nec
355 553 491 596 placent
510 553 584 585 Deo
609 563 709 594 opera
732 552 902 583 secundae
933 551 1074 590 tabulae,

92 599 156 631 nisi
178 599 262 630 fides
285 598 441 638 accedat,
464 597 554 639 quod
607 601 718 637 ropter
747 593 914 626 Christum
943 593 1075 634 placeat

92 641 176 673 haec
214 641 370 672 inchoata
408 646 440 672 et
480 641 584 681 imper
601 645 675 670 ecta
709 638 906 670 obedientia.
962 636 1074 669 Tertio

93 685 277 717 obscurant
301 693 403 725 opera
426 693 445 714 a
468 682 542 714 Deo
567 682 739 719 mandata,
764 687 796 712 et
819 680 920 723 longe
951 678 1074 711 antefe-

94 733 168 759 runt
191 727 354 758 humanas
378 726 591 763 traditiones,
622 725 690 756 llas
722 730 839 755 ornant
865 723 1075 764 speciosissi-

89 771 156 807 ,mis
175 768 290 808 titulis,
327 769 458 800 Vocant
482 779 540 799 eas
565 766 800 810 Euangelicam
825 767 1074 808 perfectionem,

94 813 226 844 Interim
250 813 291 843 de
315 810 436 854 officijs
460 811 653 850 vocationis,
677 810 884 851 magistratu,
909 809 1074 850 coniugio,

94 856 140 886 ita
172 854 291 897 frigide
320 855 521 888 docuerunt.
553 859 586 885 it
613 852 705 885 multi
740 862 860 894 graues
895 852 955 882 viri
985 851 1075 882 dubi-

95 898 251 935 tauerint‚
275 907 317 928 an
340 896 425 928 haec
449 897 535 928 vitae
559 906 683 938 genera
706 894 877 936 placerent
900 894 991 933 Deo,
1015 894 1075 924 lta-

94 950 158 981 que
191 940 449 972 concionatores
478 941 605 976 nostri,
637 940 725 970 bono
756 938 878 977 studio,
902 944 1076 978 vtrumque

95 984 268 1014 doctrinae
302 992 409 1024 genus
443 981 713 1020 illustr-auerunt,
750 981 944 1022 Proponunt
968 979 1076 1011 Euan-

94 1024 216 1100 gzlium
240 1025 280 1056 de
304 1025 382 1063 tide,
406 1030 438 1057 et
457 1025 581 1057 addunt
603 1024 690 1066 piam
714 1024 899 1055 doctrinam
929 1023 971 1054 de
1000 1031 1076 1063 ope-

95 1079 123 1099 ri
149 1079 199 1100 us.

464 1177 531 1208 DE
575 1176 706 1209 FIDE.

181 1266 324 1299 Primum
348 1267 450 1310 igitur
477 1267 518 1298 de
540 1266 604 1299 fide
629 1273 661 1298 et
688 1265 921 1298 iustificatione
952 1265 1003 1297 sic
1019 1265 1077 1297 do-

95 1316 183 1349 cent,
203 1309 360 1342 Christus
379 1317 457 1352 apte
480 1309 673 1351 complexus
697 1315 747 1340 est
772 1308 940 1340 Summam
969 1307 1077 1340 Euan-

95 1353 187 1397 gelij,
211 1365 285 1385 cum
307 1353 418 1385 Lucae
443 1352 569 1390 vitium,
594 1353 685 1385 iubet
707 1352 872 1394 predicari
895 1352 927 1383 iu
947 1353 1078 1383 nomine

94 1406 156 1429 suo
180 1397 415 1437 poenitentiam
439 1401 472 1428 et
494 1396 724 1428 remissionem
744 1401 969 1436 peccatorum.
992 1395 1077 1427 Nam

93 1438 313 1482 Euangelium
337 1440 447 1482 arguit
460 1444 611 1481 peccata,
626 1445 659 1471 et
670 1439 808 1481 requirit
829 1438 1077 1481 poenitentiam,

94 1488 128 1515 et
163 1481 261 1514 simul
296 1481 392 1514 offert
426 1483 656 1515 remissionem
690 1488 905 1524 peccatorum
939 1487 1077 1523 propter

95 1567 137 1601 Et
161 1569 248 1600 sicut
270 1567 470 1601 vniuersalis
495 1575 546 1601 est
568 1569 789 1610 poenitentiae
812 1568 1009 1611 predicatio,
1033 1568 1078 1600 ita

95 1618 127 1643 et
151 1611 330 1653 promissio
354 1613 479 1654 gratiae
503 1612 700 1644 vniuersalis
724 1619 788 1651 est,
813 1618 845 1644 et
868 1621 983 1643 omnes
1007 1621 1078 1644 cre·

95 1654 176 1686 dere
210 1655 299 1686 iubet
336 1661 369 1686 et
404 1655 557 1697 accipere
590 1654 784 1687 beneficium
819 1654 959 1694 Christi,
993 1654 1080 1686 sicut

96 1696 251 1730 Christus
274 1698 394 1739 inquit,
425 1697 544 1730 Venite
574 1699 616 1730 ad
645 1709 696 1730 me
727 1708 842 1730 omnes
870 1699 925 1740 qui
953 1698 1078 1729 onerati

95 1741 188 1772 estis.
241 1739 283 1771 Et
317 1740 442 1773 Paulus
475 1741 537 1780 ait,
571 1740 676 1781 Diues
711 1748 763 1773 est
796 1741 829 1772 in
864 1750 979 1772 omnes
1013 1747 1076 1774 etc.

95 1783 293 1825 Quanquam
339 1785 438 1826 igitur
483 1785 636 1816 contritio
679 1783 808 1826 aliqua,
860 1794 922 1817 seu
965 1784 1079 1825 poeni-

94 1827 210 1865 tentia,
232 1828 425 1858 necessaria
456 1834 526 1866 est,
557 1835 665 1859 tamen
698 1827 905 1860 sentiendum
940 1833 991 1859 est
1021 1827 1078 1858 do-

94 1871 167 1901 nari
198 1870 296 1902 nobis
323 1871 558 1902 -remissionem
582 1877 818 1913 peccatorum,
848 1877 880 1902 et
908 1870 980 1902 fieri
1014 1880 1078 1902 nos

96 1923 139 1945 ex
173 1913 303 1945 iniustis
339 1914 465 1951 iustos.
494 1914 529 1945 id
558 1921 629 1952 est,
665 1913 900 1947 reconciliatos
934 1924 994 1945 seu
1028 1924 1080 1945 ac-

97 1962 214 1998 ceptos
257 1962 287 1987 et
330 1955 415 1987 filios
456 1956 518 1987 Dei
560 1958 682 1999 gratiS,
722 1964 859 1998 propter
898 1955 1078 1995 Christum,

97 2009 164 2031 non
198 2007 334 2041 propter
374 2001 565 2042 dignitatem
607 2001 814 2031 contritionis
849 2007 904 2031 aut
942 1999 1078 2031 aliorum

99 2052 234 2083 operum
258 2043 504 2083 precedentium
523 2050 579 2075 aut
603 2044 820 2085 sequentium,
844 2043 912 2075 Sed
927 2044 991 2074 fide
1015 2043 1080 2074 hoc
1104 2048 1106 2076 2

97 2085 293 2117 beneficium
311 2086 538 2128 accipiendum
559 2093 622 2124 est,
646 2097 710 2128 qua
735 2088 871 2118 credere
895 2096 957 2117 nos
982 2096 1079 2128 opor-

97 2134 155 2166 tet,
179 2129 266 2170 quod
291 2135 426 2170 propter
448 2128 615 2161 Christum
643 2130 740 2161 nobis
771 2130 935 2161 donentur
965 2130 1079 2160 remis-

98 2172 148 2203 sio
172 2177 384 2212 peccatorum
408 2178 439 2203 et
469 2173 668 2204 iustificatio.
714 2172 805 2204 Ilaec
835 2174 997 2204 sententia
1027 2173 1079 2203 fir·
1104 2202 1107 2214 ¹

97 2225 183 2246 mam
214 2213 475 2247 consolationem
500 2215 750 2258 perterrefactis
773 2217 945 2247 'mentibus
974 2215 1079 2247 affert.
1105 2223 1107 2232 ⁴

96 2255 140 2289 Et
162 2267 260 2300 quam
285 2258 476 2290 necessaria
504 2259 546 2290 sit
575 2257 764 2294 Ecclesiae,
795 2259 921 2301 peritae
952 2259 1080 2291 consci-
1104 2238 1108 2317 J

98 2301 214 2334 enciae
255 2299 354 2332 facile
392 2301 539 2334 iudicare
578 2309 728 2343 possunt.
785 2302 827 2334 Et
865 2301 944 2334 nihil
980 2302 1106 2333 habet.

97 2344 246 2382 absurdi,
269 2342 349 2376 nihil
377 2343 592 2386 perplexum,
615 2345 697 2377 nihil
721 2345 958 2387 Sophisticum.
1004 2345 1079 2376 Non
1104 2339 1107 2377 ἶ

97 2393 150 2418 est
183 2385 238 2418 hic
273 2397 357 2428 opus
401 2388 679 2429 disputationibus
717 2389 758 2421 de
800 2388 1106 2430 predestinatione·

96 2436 153 2461 aut
192 2429 363 2461 similibus.
426 2430 509 2461 Nam
552 2431 731 2471 promissio
777 2439 829 2464 est
869 2431 1079 2469 minen-salis,

97 2477 131 2503 et
156 2471 238 2504 nihil
273 2472 414 2504 detrahit
453 2474 628 2514 operibus,
670 2475 736 2505 imo
771 2476 933 2507 exuscitat
967 2476 1009 2506 ad
1045 2474 1080 2506 fi-

97 2515 190 2554 dem,
225 2522 257 2547 et
295 2525 376 2547 vere
414 2517 501 2548 bona
534 2526 649 2558 opera.
693 2516 777 2550 Nam
817 2518 968 2550 remissio
1004 2513 1106 2560 pec-¹

98 2563 245 2590 catorum
270 2557 473 2591 transfertur
490 2569 509 2590 a
540 2560 664 2591 nostris
691 2562 850 2603 operibus
879 2561 921 2592 ad
954 2561 1078 2592 miseri·
1103 2535 1106 2583 i

97 2601 255 2640 cordiam,
279 2608 313 2633 vt
335 2602 377 2633 sit
402 2602 596 2634 beneficium
623 2609 761 2644 certum,
784 2615 850 2636 non
880 2612 915 2635 vt
938 2614 1000 2636 nos
1034 2604 1079 2636 ni·
1101 2601 1105 2673 ἰ

95 2641 142 2674 hil
165 2654 317 2687 agamus,
336 2644 404 2677 Sed
425 2643 528 2677 multo
551 2646 670 2688 magiS,
695 2654 729 2679 vt
752 2649 914 2686 sciamus,
943 2657 1077 2689 quomo-

1090 1518 1107 1797 i

755 157 794 190 B.
841 155 1087 190 CONFESSIO
1111 153 1387 187 AUGUSTANA
1409 153 1521 186 IPSA.

2037 153 2101 185 366

1123 252 1166 283 do
1188 250 1318 293 placeat
1342 249 1417 282 Deo
1440 256 1554 280 nostra
1582 248 1767 281 obedientia
1795 248 1827 279 in
1851 252 1941 279 tanta
1970 247 2101 279 infirmi-

1123 301 1188 325 tate
1207 300 1332 325 nostra.
1366 293 1460 324 Hanc
1480 293 1689 329 sententiam,
1711 302 1774 333 qua
1788 298 1819 322 et
1838 289 2021 322 illustratur
2043 291 2101 321 ho-

1121 348 1185 368 nos
1197 336 1332 374 Christi,
1346 342 1378 368 et
1396 336 1460 377 pijs
1473 336 1636 367 mentibus
1657 333 1840 366 consolatio
1859 333 2052 365 dulcissima
2069 339 2102 365 et

1122 381 1309 411 firmissima
1332 379 1539 420 propr-nitur,
1564 389 1648 419 quae
1672 388 1783 409 veram
1796 377 2043 408 misericordiae
2055 379 2101 414 t⁴⁵¹)

1122 424 1250 455 diuinae
1263 422 1487 465 cognitionem
1500 423 1654 459 continet,
1664 428 1694 452 et
1709 430 1807 451 veros
1821 418 1941 456 cultus,
1955 426 1986 451 et
2000 425 2102 450 acter-

1122 477 1196 497 nam
1219 466 1320 497 vitam
1339 466 1435 507 parit,
1455 465 1626 505 aspernari
1651 475 1690 495 ac
1716 464 1885 501 damnare,
1907 461 1981 504 plus
2006 473 2103 503 quam

1122 508 1317 539 pharisaica
1343 508 1489 539 coecitas
1508 513 1569 539 est.
1605 506 1690 537 Olim
1715 517 1788 537 cum
1813 504 1897 536 haec
1916 504 2102 536 consolatio

1122 562 1186 583 non
1195 549 1576 593 proponeretur,multae
1584 550 1723 591 panidae
1737 549 1969 580 conscienciae
1982 548 2104 579 mederi

1121 595 1184 626 sibi
1204 595 1411 626 conabantur
1434 594 1603 635 operibus,
1621 592 1677 634 alij
1704 590 1940 633 confugiebant
1963 591 2005 622 ad
2037 601 2105 622 mo-

1121 637 1283 669 nasticam
1315 637 1431 675 vitam,
1454 635 1510 677 aiij
1540 635 1605 667 alia
1635 645 1736 677 opera
1767 633 1952 676 eligebant,
1984 633 2103 675 quibus

1121 686 1326 712 mererentur
1354 680 1584 711 remissionem
1612 684 1828 719 peccatorum
1857 684 1889 709 et
1923 676 2104 709 iustificati-

1122 734 1231 762 onem,
1254 723 1321 755 Sed
1344 721 1435 754 nulla
1458 728 1509 754 est
1533 723 1626 753 firma
1650 719 1837 753 consolatio
1862 725 1993 761 praeter
2012 719 2102 750 hanc

1123 767 1303 798 doctrinam
1327 765 1511 807 Euangelij⁷
1532 774 1617 807 quae
1641 765 1728 796 iubet
1754 763 1902 801 credere,
1922 763 2008 804 quod
2029 772 2104 804 gra-

1123 811 1163 841 tis
1187 810 1284 841 nobis
1307 814 1446 850 propter
1469 807 1638 840 Christum
1661 808 1826 838 donentur
1848 807 2000 838 remissio
2029 814 2104 847 pec-

1124 858 1273 884 catorum
1292 858 1323 883 et
1348 851 1555 889 iustificati0‚
1584 850 1710 892 Estque
1738 849 1824 881 haee
1855 854 1924 880 tota
1954 849 2106 880 doctrina

1124 901 1315 936 comparata
1338 895 1379 925 ad
1403 905 1517 926 verum
1542 892 1621 925 illud
1647 899 1812 925 certamen
1840 891 2102 934 perterrefactae

1123 938 1354 969 conscientiae.

1211 1005 1278 1037 Sed
1301 1005 1460 1037 addemus
1483 1004 1608 1046 aliquot
1632 1004 1826 1036 testimonia.
1863 1001 1986 1035 Paulus
2009 1001 2104 1034 Rom.

1123 1049 1155 1080 3.
1184 1048 1404 1080 iustificamur
1445 1049 1549 1089 gratis
1584 1047 1688 1088 ipsius
1727 1047 1853 1088 gratia,
1889 1057 1948 1087 per
1981 1046 2106 1077 redem-

1123 1092 1268 1133 ptionem
1297 1101 1382 1132 quae
1409 1096 1462 1122 est
1496 1091 1529 1122 in
1564 1090 1698 1121 Christo
1734 1090 1826 1127 lesu,
1857 1100 1954 1135 quem
1988 1098 2105 1130 propo-

1124 1135 1189 1166 suit
1222 1134 1316 1166 Deus
1350 1134 1623 1175 propiciatorem,
1653 1143 1712 1173 per
1748 1133 1911 1164 tidem'in
1944 1133 2106 1174 sanguine

1125 1187 1197 1209 suo,

1211 1236 1327 1268 Roma.
1350 1238 1379 1268 4.
1426 1236 1464 1268 Ei
1488 1242 1598 1268 autem
1621 1236 1676 1278 qui
1700 1245 1766 1267 non
1798 1241 1971 1276 operatur,
2002 1235 2106 1267 credit

1124 1287 1234 1312 antem
1253 1281 1285 1311 in
1309 1290 1381 1311 eum
1405 1280 1459 1321 qui
1483 1279 1639 1312 iustificat
1663 1279 1808 1320 impium,
1830 1284 2000 1319 reputatur
2022 1278 2104 1310 fides

1125 1325 1195 1356 eius
1221 1323 1262 1355 ad
1286 1323 1457 1356 iusticiam.

1209 1384 1334 1425 Ephes.
1357 1384 1389 1416 2.
1435 1383 1551 1415 Gratia
1580 1382 1701 1415 salnati
1731 1383 1811 1414 estis
1839 1394 1898 1425 per
1927 1382 2042 1421 fidem,
2074 1387 2107 1413 et

1124 1428 1190 1460 hoc
1211 1438 1278 1460 non
1307 1437 1348 1459 ex
1377 1427 1492 1466 vobis,
1522 1426 1586 1458 Dei
1614 1427 1698 1458 enim
1727 1426 1850 1458 donum
1874 1432 1942 1465 est,
1971 1435 2037 1457 non
2065 1434 2107 1457 ex

1124 1472 1298 1512 operibus,
1327 1480 1369 1503 ne
1399 1471 1473 1512 quis
1502 1468 1674 1513 glorietur.
1718 1469 1755 1501 In
1784 1469 1836 1501 his
1868 1468 2045 1510 sententijs
2074 1473 2107 1499 et

1124 1514 1286 1546 similibus
1294 1537 1303 1553 ,
1327 1514 1450 1546 diserte
1473 1514 1571 1546 docet
1594 1512 1732 1552 Paulus,
1757 1513 1860 1556 gratis
1878 1512 1975 1545 nobis
1989 1512 2106 1543 donari

1124 1558 1355 1590 remissionem
1395 1564 1609 1600 peccatorum
1651 1562 1683 1589 et
1721 1556 2006 1593 iustificationem,
2039 1564 2106 1587 non

1125 1607 1262 1643 propter
1284 1606 1475 1633 nostrorum
1503 1610 1640 1642 operum
1671 1600 1874 1642 dignitatem.
1920 1598 1962 1630 Et
1991 1599 2024 1631 in
2053 1608 2106 1629 ca-

1125 1645 1192 1686 pite
1215 1650 1333 1687 quarto
1356 1644 1399 1676 ad
1428 1643 1617 1682 Romanos,
1645 1644 1783 1685 copiose
1809 1644 1972 1685 disputat,
2002 1650 2107 1684 quare

1125 1688 1189 1719 hac
1212 1687 1442 1721 consolatione
1469 1688 1566 1719 nobis
1600 1697 1684 1728 opus
1707 1687 1762 1725 sit,
1785 1686 1821 1718 Si
1852 1686 1938 1718 enim
1966 1685 2106 1727 promis-

1127 1731 1178 1762 sio
1201 1732 1360 1773 penderet
1382 1741 1424 1762 ex
1447 1730 1605 1773 dignitate
1628 1736 1817 1762 nostrorum
1841 1739 1989 1771 operum,
2013 1727 2107 1759 fieret

1126 1774 1265 1813 incerta,
1289 1773 1335 1805 Vt
1355 1774 1455 1816 igitur
1474 1775 1639 1805 aduersus
1663 1780 1810 1805 terrores
1823 1773 1953 1815 peccati
1977 1777 2007 1803 et
2019 1780 2106 1802 mor-

1127 1819 1180 1855 tiS,
1202 1817 1384 1849 habeamus
1408 1823 1530 1849 certam
1559 1822 1592 1848 et
1622 1817 1745 1848 firmam
1775 1814 2053 1852 consolationem,
2075 1819 2108 1845 et

1127 1860 1211 1892 fides
1235 1861 1422 1892 consistere
1445 1861 1569 1902 possit,
1602 1870 1743 1891 necesse
1767 1866 1817 1891 est
1848 1870 1919 1891 eam
1949 1857 2021 1889 sola
2051 1857 2106 1888 mi-

1128 1905 1308 1936 sericordia
1333 1904 1408 1942 niti,
1438 1910 1469 1935 et
1493 1914 1558 1934 non
1584 1910 1697 1934 nostra
1722 1904 1899 1945 dignitate,
1926 1901 2106 1943 Propterea

1104 1948 1106 1960 ¹
1128 1946 1252 1979 Paulus
1275 1947 1395 1989 inquit,
1421 1946 1498 1978 ldeo
1517 1957 1557 1978 ex
1587 1947 1653 1978 fide
1681 1947 1863 1978 secundum
1891 1946 2048 1987 gratiam,
2072 1949 2106 1974 vt

1128 1991 1171 2021 sit
1204 1990 1297 2022 firma
1331 1991 1529 2031 promissio,
1562 1990 1679 2031 Neque
1711 1990 1796 2020 enim
1831 1989 1954 2030 opponi
1986 1987 2104 2019 indicio

1104 2036 1106 2042 '
1128 2033 1188 2065 Dei
1211 2039 1351 2075 possunt
1375 2044 1476 2075 opera
1500 2040 1625 2071 nostra,
1638 2035 1728 2064 iuxta
1752 2031 1843 2071 illud,
1868 2033 1903 2063 si
1916 2031 2104 2072 iniquitates

1128 2077 1381 2115 obseruaueris,
1418 2077 1491 2118 quis
1527 2076 1726 2108 sustinebit?
1771 2075 1915 2116 ideoque
1946 2074 2106 2104 mediator

1104 2127 1106 2147 ζ
1127 2121 1224 2152 nobis
1247 2120 1388 2152 donatus
1411 2126 1473 2158 est,
1499 2118 1665 2157 Christus,
1689 2119 1759 2150 Nec
1777 2117 2029 2150 transferendus
2054 2122 2104 2147 est

1127 2164 1198 2194 eius
1221 2163 1329 2194 honos
1353 2164 1384 2194 in
1410 2170 1521 2194 nostra
1546 2173 1659 2205 opera.

1214 2231 1296 2265 Cum
1318 2232 1417 2275 igitur
1440 2233 1590 2271 dicimus,
1613 2232 1678 2263 tide
1701 2231 1928 2268 iustilicamur,
1952 2239 2018 2262 non
2041 2229 2105 2261 hoc

1127 2273 1350 2317 intelligimus,
1372 2276 1460 2317 quod
1484 2275 1559 2307 iusti
1584 2276 1687 2306 simus
1711 2280 1847 2315 propter
1871 2273 1975 2314 ipsius
2006 2272 2106 2304 virtu-

1128 2319 1169 2349 tis
1192 2318 1459 2360 dignitatem‚9⁰)
1483 2319 1550 2350 Sed
1574 2318 1658 2350 haec
1688 2324 1739 2349 est
1766 2317 1948 2355 sententia,
1979 2315 2105 2347 Conse-

1127 2362 1181 2404 qui
1210 2371 1272 2393 nos
1301 2363 1530 2394 remissionem
1557 2368 1770 2403 peccatorum
1799 2367 1830 2392 et
1860 2360 2104 2401 imputationem

1127 2405 1276 2436 iusticiae
1298 2416 1358 2447 per
1384 2406 1642 2437 misericordiam
1667 2410 1802 2446 propter
1831 2402 2016 2437 Christum,
2042 2401 2105 2433 Ve-

1126 2459 1199 2480 rum
1221 2447 1305 2480 haec
1329 2449 1556 2481 misericordia
1579 2459 1645 2479 non
1670 2454 1781 2489 potest
1804 2447 1912 2488 accipi
1941 2447 2003 2478 nisi
2027 2444 2104 2483 fide,

1128 2613 1173 2642 89)
1193 2613 1397 2643 misericordiae]
1416 2614 1452 2636 sic
1470 2611 1519 2635 Ed.
1539 2613 1578 2639 4.;
1598 2611 1647 2637 Ed,
1667 2612 1707 2636 3.:
1727 2611 1903 2635 misericordie

1127 2656 1173 2689 90)
1193 2655 1364 2689 dignitatem]
1385 2657 1420 2680 sic
1439 2656 1486 2682 Ed.
1505 2657 1543 2683 4.;
1562 2655 1611 2679 Ed.
1631 2655 1654 2680 3.
1673 2659 1770 2688 typoyr.
1792 2662 1888 2679 errore:
1909 2653 2061 2684 dignitatem
