2324 2944
94 157 134 189 17
223 133 229 139 ⁸
757 154 778 184 Ι.
826 155 865 187 Α.
890 154 1100 186 ARTlC-ULI
1122 153 1430 187 VlSlTATlONlS.
2068 161 2106 194 18

93 258 156 283 tur.
201 250 292 282 Haec
321 248 424 280 multo
454 247 566 282 utilius
596 254 647 280 est
669 247 838 281 inculcare
862 248 1072 288 multitudini,

93 304 192 336 quam
224 291 444 324 adsuefacere
477 302 536 324 cos
570 291 613 323 ad
644 297 868 333 contemptum
901 292 1072 335 magistra-

93 342 202 375 tuum,
235 335 302 367 hoc
331 334 474 374 faciunt,
508 335 563 377 qui
586 335 718 366 incaute
741 334 863 366 docent
885 333 1071 367 libertatem

93 378 325 412 Christianam.
371 377 463 410 Haec
496 378 592 409 etiam
626 378 668 409 de
700 376 850 419 legibus,
885 378 1070 416 sententiis,

94 429 127 455 et
149 423 266 454 edictis
289 422 433 454 iudicum
455 421 488 452 in
510 418 651 452 sinoulis
675 421 813 453 urbibus
827 421 969 453 docendi
982 426 1072 459 sunt,

94 466 185 508 quod
208 466 273 496 sint
297 465 406 496 edicta
429 446 645 499 divina,³'hoe
667 469 738 501 est,
762 464 853 505 quod
882 463 976 495 Deus
1006 462 1071 495 illis

94 509 221 541 obediri
244 517 400 550 tanquam
423 516 505 539 suae
526 507 602 539 voci
624 505 715 542 velit,
738 507 788 538 sic
812 507 897 538 enim
919 508 964 538 ait
981 505 1073 538 Salo·

93 562 187 584 mon:
211 550 379 583 Divinatio
402 551 435 582 in
457 548 556 582 labiis
578 550 682 592 regis,
705 550 725 581 i.
745 559 774 582 e.
799 550 954 592 quicquid
972 559 1072 593 reges

94 604 156 627 seu
178 595 392 637 magistratus
414 593 643 634 pronuntiant,
676 593 709 623 id
731 604 792 635 pro
815 592 878 625 Dei
902 604 985 625 voce
1009 603 1072 624 am-

117 635 305 669 lectendum
328 642 380 668 est
402 642 435 668 et
457 635 769 676 obtemperandum,
794 642 950 678 tanquam
972 636 1073 667 mani-

93 648 203 711 festae
225 679 302 711 voci
332 680 373 711 de
404 677 511 711 coelo.
557 678 698 715 Quidam
729 679 853 711 indocti
877 679 918 711 de
940 677 1072 721 legibus

94 720 279 757 clamitant,
314 722 402 764 quod
426 732 493 753 non
515 721 616 753 liceat
638 722 682 753 uti
706 721 903 764 gentilibus,
933 732 993 754 seu
1016 722 1074 753 lm-

117 772 281 798 eratorum
304 765 457 807 legibus,
487 766 548 797 sed
571 763 696 797 malunt
719 775 778 797 eos
801 765 948 797 iudicare
962 767 1007 800 42)
1031 774 1074 796 ex

106 809 224 851 egibus
247 807 418 840 Mosaicis.
453 807 494 839 Hi
517 818 650 850 quoque
674 815 796 843 errant,
821 809 898 851 quia
910 806 1004 840 Deus
1020 819 1075 849 ap·

92 852 214 893 probat
238 850 383 894 gladium
406 857 438 882 et
460 851 699 883 ordinationem
718 851 890 894 gentilium
902 852 1075 894 magistra-

92 900 192 926 tuum.
238 894 333 926 Rom.
359 894 408 926 13.
434 894 462 926 1.
487 893 569 926 Tim.
592 894 623 926 2.
648 900 680 926 et
704 895 817 927 Actor.
843 894 894 926 15.
918 894 1029 927 Lucae
1043 892 1073 924 3.

91 937 210 970 Estote
234 938 380 970 contenti
403 943 467 970 etc.

180 980 276 1013 Licet
298 981 409 1023 itaque
431 981 478 1012 uti
502 979 678 1023 gentilibus
700 979 851 1023 legibuS‚
880 981 958 1023 quia
980 979 1076 1012 Deus

94 1023 183 1056 dedit
207 1024 304 1056 nobis
327 1022 437 1066 legem
460 1030 615 1063 naturae,
645 1034 744 1065 quam
767 1029 964 1065 sequentes,
998 1033 1076 1064 pos-

93 1076 209 1099 sumus
233 1066 327 1109 leges
352 1067 393 1098 de
419 1065 571 1099 civilibus
594 1067 695 1098 rebus
719 1067 877 1100 condere,
908 1065 983 1097 Deo
1006 1064 1076 1106 pla-

95 1116 224 1148 centes,
248 1111 291 1141 ad
314 1109 483 1141 Romanos
496 1110 527 1141 2,
573 1109 706 1140 Habent
727 1108 838 1150 legem
861 1109 1020 1149 scriptam
1044 1108 1077 1139 in

95 1153 261 1184 cordibus.
307 1152 349 1183 Et
371 1153 458 1183 sicut
480 1151 574 1183 Deus
603 1161 669 1182 non
693 1151 795 1193 exigit
822 1161 842 1183 a
865 1151 963 1182 nobis
988 1160 1076 1182 cere-

93 1196 221 1226 monias
244 1193 432 1233 mosaicas,
467 1193 606 1225 πολιτικοὶ
629 1193 783 1226 Mosaica
815 1204 876 1226 seu
900 1192 1078 1233 iudicialia,

93 1243 129 1269 ut
153 1242 285 1269 vocant.

87 1316 89 1318 ,
179 1279 315 1312 Honore
344 1277 482 1311 afficere
516 1280 730 1322 magistratus
761 1285 813 1311 est
848 1290 914 1310 non
952 1285 1078 1311 tantum

93 1323 247 1362 obedire,
277 1322 338 1355 sed
361 1333 510 1356 summus
534 1323 658 1366 gradus
682 1323 819 1355 honoris
843 1330 911 1361 est,
943 1333 1003 1364 pro
1028 1324 1077 1354 eis

93 1376 192 1399 orare
225 1372 258 1398 et
280 1365 355 1397 Deo
379 1367 507 1408 gratias
530 1376 651 1408 agere,
685 1367 774 1408 quod
801 1376 861 1408 per
891 1376 950 1398 eos
973 1365 1077 1408 quali-

94 1420 223 1452 cunque
242 1419 324 1451 pace
347 1407 496 1448 fruimur,
519 1419 583 1441 nec
606 1410 714 1441 omnia
737 1407 921 1441 latrociniis
948 1416 981 1441 et
1006 1419 1077 1441 cae-

93 1453 191 1485 dibus
214 1451 334 1485 ini'esta
358 1452 448 1492 fiant,
471 1451 690 1485 inestimabile
703 1452 899 1484 beneficium
912 1459 976 1491 est,
999 1462 1077 1494 qua-

91 1494 291 1533 lemcunque
325 1496 566 1528 ordinationem
598 1495 728 1528 civilem
758 1506 964 1528 conservare
996 1495 1077 1527 iudi-

94 1540 214 1578 cando,
237 1539 403 1581 puniendo
417 1545 546 1578 sonteS‚
563 1538 771 1581 prohibendo
785 1540 921 1578 caedes,
945 1537 1032 1571 furta
1045 1544 1077 1570 et

94 1581 222 1614 similia.
277 1582 382 1614 Huius
417 1582 571 1614 beneficii
608 1582 866 1624 magnitudinem
901 1581 1077 1625 diligenter

94 1624 260 1659 inculcent
282 1624 405 1668 populo
430 1626 694 1658 concionatores.

400 1727 463 1758 DE
481 1711 654 1760 ‘rimone
676 1727 765 1759 nm.

183 1796 292 1838 Supra
326 1796 410 1834 dixi,
444 1795 542 1827 fidem
574 1805 643 1827 non
677 1796 820 1827 existere
857 1796 928 1828 sine
961 1797 1078 1829 timore

95 1838 172 1878 Dei,
194 1839 268 1870 idco
283 1840 327 1876 ⁴³³)
352 1837 542 1880 diligentius
560 1845 612 1870 est
630 1838 874 1876 inculcandum,
899 1840 974 1881 quia
987 1839 1078 1872 Chri-

97 1888 171 1915 stus
194 1881 259 1917 his,
283 1882 338 1923 qui
362 1881 529 1913 iustificati
552 1888 642 1919 sunt,
665 1887 790 1913 tantum
812 1882 1005 1923 impendere
1023 1893 1078 1924 pe-

96 1923 193 1957 riculi
215 1923 379 1964 affirmat,
403 1931 439 1956 ut
462 1924 567 1964 dicat,
591 1931 741 1956 satanam
765 1924 941 1967 expulsum
965 1927 1080 1958 conari

95 1968 215 2003 redire,
238 1969 394 2009 stipatum
413 1966 487 1999 aliis
506 1973 647 2010 septem,
670 1973 702 1999 et
714 1969 877 2000 accedere
888 1966 1079 2011 aliquando,

95 2017 133 2044 nt
154 2011 338 2043 novissima
362 2010 442 2043 fiant
471 2011 636 2052 prioribus
667 2011 792 2052 peiora.
838 2012 907 2043 Has
942 2012 1079 2044 insidias

97 2053 222 2087 diaboli
251 2055 373 2086 debent
401 2053 569 2086 inculcare
582 2056 627 2093 ⁴⁴)
654 2053 797 2096 populo,
827 2055 904 2097 quia
926 2055 1079 2098 Evange-

96 2095 175 2129 lium
199 2096 328 2130 revelat
351 2103 383 2129 et
406 2098 516 2140 arguit
533 2103 719 2140 potestates
736 2099 960 2137 tenebrarum,
984 2099 1079 2131 loan-

96 2141 149 2173 nis
173 2139 223 2171 16.
280 2140 423 2181 Spiritus
447 2147 585 2173 sanctus
615 2148 732 2184 arguet
757 2142 914 2174 mundum
942 2142 983 2174 de
1006 2152 1079 2184 pec-

99 2189 186 2222 cato,
219 2183 343 2215 iustitia
377 2189 410 2216 et
437 2184 569 2216 iudicio.
614 2183 668 2216 De
701 2191 859 2226 peccato,
894 2186 983 2227 quod
1012 2196 1080 2217 non

99 2228 214 2259 credat
237 2226 334 2265 Deo,
370 2227 460 2269 quod
482 2239 548 2260 non
572 2234 714 2270 possunt
736 2239 757 2260 a
779 2228 908 2260 ratione
932 2229 1080 2261 iudicari.

98 2269 196 2302 Ratio
220 2269 307 2301 enim
330 2276 456 2302 tantum
480 2278 618 2303 externa
640 2278 783 2313 peccata
805 2271 942 2310 iudicat,
967 2271 1081 2304 utfur·

99 2319 178 2351 tum,
202 2313 351 2352 caedem,
376 2314 582 2353 ebrietatem,
604 2313 803 2347 adulterium
828 2321 860 2347 et
883 2313 1079 2348 huiusmodi.

98 2354 167 2387 Sed
177 2355 322 2398 Spiritus
346 2364 485 2389 sanctus
508 2358 606 2389 etiam
631 2357 765 2390 occulta
788 2364 819 2390 et
830 2359 965 2400 proprie
979 2358 1082 2391 laten-

99 2399 145 2430 tia
177 2399 210 2430 in
245 2399 347 2432 corde
375 2401 503 2442 arguit,
532 2406 566 2432 ut
589 2406 813 2444 contemptum
844 2401 924 2441 Dei,
958 2413 1081 2436 vacare

100 2518 147 2550 42)
167 2526 210 2543 eos
229 2520 354 2553 iudicare]
376 2520 425 2545 Ed.
446 2523 470 2546 2.
489 2529 530 2546 res
549 2522 658 2547 iudicari

100 2569 147 2602 43)
166 2570 238 2603 ideo]
259 2571 307 2597 Ed.
328 2573 351 2597 2.
371 2572 422 2597 hoc
439 2574 499 2598 ideo

101 2621 148 2654 44)
167 2623 310 2656 inculcare]
331 2623 379 2649 Ed.
401 2625 425 2649 2.
445 2626 578 2651 declarare

253 2681 441 2706 tumtunm.
454 2685 534 2705 ortu,
549 2685 703 2706 Ἴθι-1171.

1127 253 1215 280 metu
1236 248 1348 280 iudicii
1370 248 1451 288 Dei,
1473 248 1548 282 Deo
1571 249 1739 287 diffidere,
1763 251 1943 294 desperare
1972 253 2013 284 de
2042 252 2105 285 Dm·

1126 291 1330 334 benignitate
1349 298 1382 324 et
1403 293 1640 325 misericordia.
1654 295 1701 331 ⁴⁵)

1473 394 1535 427 DE
1554 395 1754 429 lUSTlTlA.

1213 462 1358 495 Mundus
1392 464 1476 496 enim
1511 464 1648 503 iudicat,
1682 465 1836 497 iustitiam
1871 475 1948 497 esse
1981 471 2107 499 tantum

1129 511 1266 538 externa
1299 516 1419 548 opera,
1452 517 1514 539 seu
1543 506 1672 540 civilem
1707 509 1973 540 observationem
2007 508 2107 552 legis.

1129 549 1197 582 Sed
1217 550 1357 591 Spiritus
1381 557 1518 582 sanctus
1541 551 1639 582 docet
1662 561 1742 590 nos,
1776 557 1891 582 nostra
1914 561 2018 593 opera
2039 562 2107 584 non

1128 592 1324 625 satisfacere
1357 592 1451 632 Deo,
1485 594 1546 625 sed
1580 592 1748 626 Christum
1781 593 2041 627 satisfactionem
2074 600 2107 627 et

1128 636 1392 678 propitiationem
1414 646 1511 673 esse3
1530 637 1641 678 itaque
1665 637 1729 669 fide
1751 636 1930 669 iustificari.

1480 739 1542 771 DE
1565 737 1745 770 IUDICIO.

1218 806 1304 844 Quia
1332 807 1472 840 mundus
1497 816 1563 839 non
1592 807 1731 847 iudicat,
1754 814 1907 840 satanam
1931 807 2027 840 nobis
2051 819 2109 841 no-

1129 860 1228 890 cere,
1262 851 1323 882 sed
1347 850 1490 892 Spiritus
1518 856 1654 883 sanctus
1678 852 1775 883 docet
1798 861 1876 890 nos,
1910 856 2110 893 potestatem

1130 900 1270 926 satanae
1292 894 1496 926 debilitatam
1519 904 1597 926 esse
1619 893 1799 932 aChristo,
1823 894 1883 925 sed
1905 894 2013 935 impiis
2035 905 2110 926 eum

1129 937 1292 969 dominari
1315 943 1348 968 et
1367 935 1535 978 impellere
1557 938 1600 968 ad
1625 947 1721 968 omne
1745 947 1852 979 genus
1875 936 2000 979 flagitii.

1217 979 1275 1010 Est
1300 986 1408 1011 autem
1432 979 1554 1022 duplex
1578 981 1674 1012 timor
1697 980 1770 1012 Dei.
1797 980 1938 1015 Quidam
1963 985 2015 1012 est
2038 981 2111 1012 sine

1130 1021 1195 1053 fide
1220 1023 1394 1060 credente,
1416 1023 1505 1063 quod
1528 1021 1622 1054 Deus
1646 1023 1842 1055 misereatur
1864 1023 1980 1060 nostri,
2004 1028 2036 1054 et
2059 1033 2109 1054 re-

1131 1064 1231 1105 cipiat
1253 1074 1316 1095 nos
1344 1065 1378 1095 in
1411 1065 1566 1107 gratiam,
1601 1066 1686 1097 sicut
1715 1073 1852 1097 satanas
1876 1066 1966 1097 timet
1988 1065 2108 1105 Deum,

1131 1112 1165 1138 et
1188 1117 1375 1149 quanquam
1394 1108 1509 1139 credat
1523 1107 1693 1150 Evangelii
1711 1108 1892 1142 historiam,
1916 1115 2025 1141 tamen
2042 1119 2110 1141 non

1133 1150 1254 1188 credit,
1288 1151 1352 1182 sib-2
1374 1150 1514 1182 iwnosci.
1559 1150 1655 1182 Adeo
1688 1151 1755 1183 huc
1784 1152 1937 1192 pertinet,
1951 1153 1996 1191 ⁴⁵)
2020 1152 2110 1193 quod

1131 1192 1233 1224 Iacob
1270 1193 1330 1224 ait:
1376 1176 1567 1225 fiaemones
1601 1194 1741 1225 credunt
1775 1199 1808 1225 et
1841 1196 2111 1227 contremiscunt.

1131 1235 1194 1268 Hic
1218 1236 1315 1268 timor
1338 1242 1478 1268 vocatur
1501 1236 1645 1268 servilis.
1680 1236 1776 1269 Alius
1800 1237 1906 1276 timor,
1929 1238 2110 1278 confidere,

1130 1279 1187 1310 ubi
1221 1289 1282 1310 cor
1314 1284 1471 1315 terretur,
1506 1285 1539 1312 et
1572 1285 1640 1312 tum
1668 1279 1751 1312 fides
1781 1280 1927 1322 erigitur,
1953 1286 1985 1312 et
2008 1281 2112 1313 credit

1131 1322 1196 1353 sibi
1229 1323 1359 1364 ignosci
1389 1329 1422 1355 et
1451 1321 1617 1364 placatum
1647 1333 1726 1355 esse
1760 1323 1879 1355 Deum.
1894 1325 1939 1361 ⁴⁷)
1984 1323 2109 1357 Taliter

1130 1365 1319 1397 sentiuntur
1341 1372 1374 1397 et
1397 1372 1555 1398 exercent
1577 1376 1654 1398 sese
1668 1368 1713 1405 48)
1746 1367 1842 1398 timor
1864 1372 1897 1398 et
1920 1366 2020 1406 fides,
2049 1377 2112 1399 nec

1131 1409 1260 1440 otiosae
1283 1415 1361 1440 sunt
1381 1410 1600 1451 cogitationes
1624 1409 1734 1448 animi,
1757 1410 1817 1441 sed
1834 1419 1976 1442 neeesse
1993 1416 2046 1442 est
2063 1420 2111 1442 re·

1131 1461 1211 1484 vera
1239 1452 1500 1494 perhorrescere
1531 1453 1658 1484 animos
1688 1453 1821 1490 timore,
1856 1457 1887 1484 et
1914 1458 2032 1494 postea
2054 1453 2112 1485 ite-

1130 1506 1201 1527 rum
1224 1505 1344 1527 revera
1366 1505 1427 1536 per
1449 1495 1547 1527 fidem
1560 1497 1604 1534 ⁴⁹)
1629 1495 1893 1527 consolationem
1913 1502 1945 1528 et
1958 1497 2113 1539 gaudium

1131 1539 1294 1580 accipere.
1326 1538 1388 1570 llic
1412 1539 1508 1570 timor
1532 1545 1671 1571 vocatur
1694 1537 1818 1577 filialis,
1844 1539 1884 1570 de
1901 1549 1966 1581 quo
1990 1539 2114 1572 dictum

1131 1587 1197 1613 est:
1232 1581 1340 1613 Deum
1369 1582 1447 1613 time
1470 1587 1503 1613 et
1525 1583 1679 1614 mandata
1702 1583 1773 1614 eius
1793 1591 1894 1614 serva
1928 1588 2012 1621 etc„
2045 1582 2114 1615 hoo

1131 1630 1202 1662 est,
1233 1625 1321 1655 omni
1342 1624 1466 1656 homini
1489 1625 1614 1657 timenti
1635 1624 1762 1664 Deum,
1797 1635 1863 1657 non
1887 1625 1991 1657 deerit
2016 1635 2114 1657 omne

1131 1669 1264 1700 bonum.
1280 1669 1324 1705 ⁵9)

1420 1770 1481 1801 DE
1505 1769 1828 1803 SACRAMENTIS.

1219 1839 1412 1881 Baptismus
1435 1845 1486 1871 est
1509 1840 1640 1882 signum
1663 1840 1898 1881 poenitentiae,
1921 1839 2015 1872 Sicut
2027 1841 2113 1873 enim

1133 1883 1358 1925 immergimur
1379 1893 1477 1925 aqua,
1501 1884 1550 1914 sic
1573 1889 1705 1924 oportet
1733 1882 1934 1915 mortificare
1949 1884 1993 1922 ⁵¹)
2023 1889 2112 1916 vete-

1134 1936 1205 1958 rem
1229 1926 1410 1965 hominem,
1433 1927 1466 1958 id
1489 1932 1552 1966 est,
1577 1927 1703 1959 conteri
1726 1936 1800 1959 nos.
1816 1928 1860 1965 ⁵²)
1904 1925 1982 1958 ldeo
2013 1926 2113 1959 habe·

1135 2057 1182 2089 45)
1200 2057 1241 2081 De
1259 2062 1375 2089 peccato,
1395 2058 1462 2089 quod
1482 2064 1533 2080 non
1553 2056 1642 2080 credat
1660 2070 1692 2074 —
1712 2061 1735 2080 et
1756 2055 1956 2088 misericordia]
1977 2057 2003 2080 ιἰι
2022 2057 2071 2080 Ed.
2087 2057 2111 2081 2.

1201 2093 1293 2116 omissa
1311 2095 1373 2117 eunt.

1133 2143 1181 2176 46)
1199 2144 1248 2168 sibi
1266 2145 1376 2176 ignosci.
1413 2143 1489 2168 Adeo
1509 2143 1558 2168 huc
1576 2142 1709 2175 pertinet,]
1731 2142 1778 2166 Ed.
1791 2142 1814 2167 2.
1836 2141 1885 2167 sibi
1904 2143 2003 2173 ignosci
2019 2150 2034 2166 a
2046 2142 2114 2167 Deo.

1202 2179 1260 2204 Huc
1277 2180 1390 2211 pertinet

1134 2230 1185 2263 47)
1204 2231 1278 2256 Alius
1298 2231 1384 2260 timor,
1403 2229 1532 2254 confi-lere
1553 2243 1584 2247 —
1603 2236 1659 2253 esse
1677 2228 1783 2261 Deum]
1808 2227 1857 2253 Ed.
1877 2229 1901 2253 2.
1927 2228 2002 2253 Alius
2026 2233 2066 2253 est
2083 2230 2115 2253 ti-

1208 2273 1274 2296 mor,
1294 2273 1351 2289 cum
1370 2265 1421 2288 fide
1440 2265 1599 2293 coniunctus,
1618 2265 1654 2287 ita
1672 2268 1701 2287 nt
1719 2271 1764 2287 cor
1782 2263 1947 2295 perterritum
1966 2271 2055 2288 rursus
2066 2264 2115 2288 eri-

1205 2305 1250 2332 gat
1269 2304 1294 2324 et
1313 2300 1460 2324 consoletur
1478 2300 1550 2329 fides,
1570 2299 1677 2322 credens
1696 2298 1781 2322 Deum
1800 2305 1855 2322 esse
1875 2298 2011 2330 placatum.

1135 2353 1182 2385 48)
1203 2356 1326 2377 exercent
1342 2350 1408 2383 sese]
1430 2351 1478 2375 Ed.
1497 2351 1522 2375 2.
1543 2354 1664 2375 exercent
1681 2356 1737 2374 sese
1757 2353 1844 2373 mutuo

1137 2404 1183 2437 49)
1202 2411 1292 2429 revera
1309 2411 1355 2435 per
1373 2402 1461 2436 fidem]
1482 2402 1514 2427 ab
1532 2402 1581 2426 Ed.
1602 2403 1625 2426 2.
1644 2401 1741 2427 absunt.

1135 2456 1182 2488 50)
1200 2455 1251 2480 hoc
1269 2460 1315 2487 est,
1334 2456 1404 2479 omni
1424 2469 1455 2473 —
1475 2462 1550 2479 omne
1568 2453 1684 2486 bonum]
1706 2453 1756 2478 Ed.
1777 2454 1801 2479 2.
1820 2453 1894 2484 Rem,
1905 2453 2019 2477 Timenti
2030 2451 2115 2477 Deum

1202 2498 1255 2515 non
1275 2491 1359 2515 deerit
1377 2490 1457 2514 ullum
1476 2490 1580 2514 bonum.

1135 2542 1182 2575 51)
1201 2543 1237 2566 sic
1256 2545 1358 2574 oportet
1375 2540 1542 2573 mortificare]
1564 2540 1613 2565 Ed.
1628 2540 1652 2564 2.
1673 2540 1710 2564 sie
1727 2543 1832 2572 oportet
1850 2547 1897 2564 noe
1916 2546 2017 2570 semper
2036 2544 2114 2562 terrm

1204 2576 1270 2607 fieri,
1287 2577 1444 2601 mortificare

1137 2629 1184 2662 52)
1203 2630 1303 2654 conteri
1320 2628 1388 2661 uos]
1409 2627 1457 2653 Ed.
1478 2628 1502 2653 2.
1521 2629 1620 2653 conteri
1638 2635 1685 2653 nos
1704 2634 1749 2652 neu
1770 2625 1950 2659 penei-reficti.

1876 2679 1890 2701 2
